%% This BibTeX bibliography file was created using BibDesk.
%% http://bibdesk.sourceforge.net/

%% Created for Wang Yifan at 2019-07-03 15:29:23 +0800 


%% Saved with string encoding Unicode (UTF-8) 

@article{EROS2006,
      author         = "Tisserand, P. and others",
      title          = "{Limits on the Macho Content of the Galactic Halo from
                        the EROS-2 Survey of the Magellanic Clouds}",
      collaboration  = "EROS-2",
      journal        = "Astron. Astrophys.",
      volume         = "469",
      year           = "2007",
      pages          = "387-404",
      doi            = "10.1051/0004-6361:20066017",
      eprint         = "astro-ph/0607207",
      archivePrefix  = "arXiv",
      primaryClass   = "astro-ph",
      SLACcitation   = "%%CITATION = ASTRO-PH/0607207;%%"
}

@article{OGLE2019,
      author         = "Niikura, Hiroko and Takada, Masahiro and Yokoyama,
                        Shuichiro and Sumi, Takahiro and Masaki, Shogo",
      title          = "{Constraints on Earth-mass primordial black holes from
                        OGLE 5-year microlensing events}",
      journal        = "Phys. Rev.",
      volume         = "D99",
      year           = "2019",
      number         = "8",
      pages          = "083503",
      doi            = "10.1103/PhysRevD.99.083503",
      eprint         = "1901.07120",
      archivePrefix  = "arXiv",
      primaryClass   = "astro-ph.CO",
      SLACcitation   = "%%CITATION = ARXIV:1901.07120;%%"
}

@article{LISAscience-phase,
      author         = "Caprini, Chiara and others",
      title          = "{Science with the space-based interferometer eLISA. II:
                        Gravitational waves from cosmological phase transitions}",
      journal        = "JCAP",
      volume         = "1604",
      year           = "2016",
      number         = "04",
      pages          = "001",
      doi            = "10.1088/1475-7516/2016/04/001",
      eprint         = "1512.06239",
      archivePrefix  = "arXiv",
      primaryClass   = "astro-ph.CO",
      reportNumber   = "DESY-15-246",
      SLACcitation   = "%%CITATION = ARXIV:1512.06239;%%"
}

@article{LISAscience-inflation,
      author         = "Bartolo, Nicola and others",
      title          = "{Science with the space-based interferometer LISA. IV:
                        Probing inflation with gravitational waves}",
      journal        = "JCAP",
      volume         = "1612",
      year           = "2016",
      number         = "12",
      pages          = "026",
      doi            = "10.1088/1475-7516/2016/12/026",
      eprint         = "1610.06481",
      archivePrefix  = "arXiv",
      primaryClass   = "astro-ph.CO",
      reportNumber   = "ACFI-T16-19, UMN-TH-3608-16, CERN-TH-2016-222,
                        KCL-PH-TH-2016-58, IFT-UAM-CSIC-16-104",
      SLACcitation   = "%%CITATION = ARXIV:1610.06481;%%"
}

@ARTICLE{SMBH1e-4,
       author = {{Woo}, Jong-Hak and {Cho}, Hojin and {Gallo}, Elena and
         {Hodges-Kluck}, Edmund and {Le}, Huynh Anh N. and {Shin}, Jaejin and
         {Son}, Donghoon and {Horst}, John C.},
        title = "{A 10,000-solar-mass black hole in the nucleus of a bulgeless dwarf galaxy}",
      journal = {Nature Astronomy},
     keywords = {Astrophysics - Astrophysics of Galaxies},
         year = "2019",
        month = "Jun",
       volume = {3},
        pages = {755-759},
          doi = {10.1038/s41550-019-0790-3},
archivePrefix = {arXiv},
       eprint = {1905.00145},
 primaryClass = {astro-ph.GA},
       adsurl = {https://ui.adsabs.harvard.edu/abs/2019NatAs...3..755W},
      adsnote = {Provided by the SAO/NASA Astrophysics Data System}
}


@article{SMBH-Review-2,
      author         = "Kormendy, John and Ho, Luis C.",
      title          = "{Coevolution (Or Not) of Supermassive Black Holes and
                        Host Galaxies}",
      journal        = "Ann. Rev. Astron. Astrophys.",
      volume         = "51",
      year           = "2013",
      pages          = "511-653",
      doi            = "10.1146/annurev-astro-082708-101811",
      eprint         = "1304.7762",
      archivePrefix  = "arXiv",
      primaryClass   = "astro-ph.CO",
      SLACcitation   = "%%CITATION = ARXIV:1304.7762;%%"
}

@article{SMBH-Review-1,
      author         = "Kormendy, John and Richstone, Douglas",
      title          = "{Inward bound: The Search for supermassive black holes in
                        galactic nuclei}",
      journal        = "Ann. Rev. Astron. Astrophys.",
      volume         = "33",
      year           = "1995",
      pages          = "581",
      doi            = "10.1146/annurev.aa.33.090195.003053",
      SLACcitation   = "%%CITATION = ARAAA,33,581;%%"
}

@article{Planck2013,
      author         = "Ade, P. A. R. and others",
      title          = "{Planck 2013 results. XVI. Cosmological parameters}",
      collaboration  = "Planck",
      journal        = "Astron. Astrophys.",
      volume         = "571",
      year           = "2014",
      pages          = "A16",
      doi            = "10.1051/0004-6361/201321591",
      eprint         = "1303.5076",
      archivePrefix  = "arXiv",
      primaryClass   = "astro-ph.CO",
      reportNumber   = "CERN-PH-TH-2013-129",
      SLACcitation   = "%%CITATION = ARXIV:1303.5076;%%"
}

@article{PBH1996,
      author         = "Jedamzik, Karsten",
      title          = "{Primordial black hole formation during the QCD epoch}",
      journal        = "Phys. Rev.",
      volume         = "D55",
      year           = "1997",
      pages          = "5871-5875",
      doi            = "10.1103/PhysRevD.55.R5871",
      eprint         = "astro-ph/9605152",
      archivePrefix  = "arXiv",
      primaryClass   = "astro-ph",
      SLACcitation   = "%%CITATION = ASTRO-PH/9605152;%%"
}

@article{PBH1993-Silk,
  title = {Baryon isocurvature fluctuations at small scales and baryonic dark matter},
  author = {Dolgov, Alexandre and Silk, Joseph},
  journal = {Phys. Rev. D},
  volume = {47},
  issue = {10},
  pages = {4244--4255},
  numpages = {0},
  year = {1993},
  month = {May},
  publisher = {American Physical Society},
  doi = {10.1103/PhysRevD.47.4244},
  url = {https://link.aps.org/doi/10.1103/PhysRevD.47.4244}
}

 @misc{lalsuite,
       author         = "{LIGO Scientific Collaboration}",
       title          = "{LIGO} {A}lgorithm {L}ibrary - {LALS}uite",
       howpublished   = "free software (GPL)",
       doi            = "10.7935/GT1W-FZ16",
       year           = "2018"
 }


@article{SGWBaniso3,
      author         = "Cusin, Giulia and Dvorkin, Irina and Pitrou, Cyril and
                        Uzan, Jean-Philippe",
      title          = "{First predictions of the angular power spectrum of the
                        astrophysical gravitational wave background}",
      journal        = "Phys. Rev. Lett.",
      volume         = "120",
      year           = "2018",
      pages          = "231101",
      doi            = "10.1103/PhysRevLett.120.231101",
      eprint         = "1803.03236",
      archivePrefix  = "arXiv",
      primaryClass   = "astro-ph.CO",
      SLACcitation   = "%%CITATION = ARXIV:1803.03236;%%"
}

@article{SGWBaniso2,
      author         = "Cusin, Giulia and Pitrou, Cyril and Uzan, Jean-Philippe",
      title          = "{The signal of the gravitational wave background and the
                        angular correlation of its energy density}",
      journal        = "Phys. Rev.",
      volume         = "D97",
      year           = "2018",
      number         = "12",
      pages          = "123527",
      doi            = "10.1103/PhysRevD.97.123527",
      eprint         = "1711.11345",
      archivePrefix  = "arXiv",
      primaryClass   = "astro-ph.CO",
      SLACcitation   = "%%CITATION = ARXIV:1711.11345;%%"
}

@article{SGWBaniso1,
      author         = "Cusin, Giulia and Pitrou, Cyril and Uzan, Jean-Philippe",
      title          = "{Anisotropy of the astrophysical gravitational wave
                        background: Analytic expression of the angular power
                        spectrum and correlation with cosmological observations}",
      journal        = "Phys. Rev.",
      volume         = "D96",
      year           = "2017",
      number         = "10",
      pages          = "103019",
      doi            = "10.1103/PhysRevD.96.103019",
      eprint         = "1704.06184",
      archivePrefix  = "arXiv",
      primaryClass   = "astro-ph.CO",
      SLACcitation   = "%%CITATION = ARXIV:1704.06184;%%"
}

@article{ZhaoWen3,
      author         = "Liu, Tan and Zhang, Xing and Zhao, Wen and Lin, Kai and
                        Zhang, Chao and Zhang, Shaojun and Zhao, Xiang and Zhu,
                        Tao and Wang, Anzhong",
      title          = "{Waveforms of compact binary inspiral gravitational
                        radiation in screened modified gravity}",
      journal        = "Phys. Rev.",
      volume         = "D98",
      year           = "2018",
      number         = "8",
      pages          = "083023",
      doi            = "10.1103/PhysRevD.98.083023",
      eprint         = "1806.05674",
      archivePrefix  = "arXiv",
      primaryClass   = "gr-qc",
      SLACcitation   = "%%CITATION = ARXIV:1806.05674;%%"
}

@article{ZhaoWen2,
      author         = "Zhang, Xing and Liu, Tan and Zhao, Wen",
      title          = "{Gravitational radiation from compact binary systems in
                        screened modified gravity}",
      journal        = "Phys. Rev.",
      volume         = "D95",
      year           = "2017",
      number         = "10",
      pages          = "104027",
      doi            = "10.1103/PhysRevD.95.104027",
      eprint         = "1702.08752",
      archivePrefix  = "arXiv",
      primaryClass   = "gr-qc",
      SLACcitation   = "%%CITATION = ARXIV:1702.08752;%%"
}

@article{ZhaoWen1,
      author         = "Zhang, Xing and Yu, Jiming and Liu, Tan and Zhao, Wen and
                        Wang, Anzhong",
      title          = "{Testing Brans-Dicke gravity using the Einstein
                        telescope}",
      journal        = "Phys. Rev.",
      volume         = "D95",
      year           = "2017",
      number         = "12",
      pages          = "124008",
      doi            = "10.1103/PhysRevD.95.124008",
      eprint         = "1703.09853",
      archivePrefix  = "arXiv",
      primaryClass   = "gr-qc",
      SLACcitation   = "%%CITATION = ARXIV:1703.09853;%%"
}

@article{GWEFT3,
      author         = "Franciolini, Gabriele and Hui, Lam and Penco, Riccardo
                        and Santoni, Luca and Trincherini, Enrico",
      title          = "{Effective Field Theory of Black Hole Quasinormal Modes
                        in Scalar-Tensor Theories}",
      journal        = "JHEP",
      volume         = "02",
      year           = "2019",
      pages          = "127",
      doi            = "10.1007/JHEP02(2019)127",
      eprint         = "1810.07706",
      archivePrefix  = "arXiv",
      primaryClass   = "hep-th",
      SLACcitation   = "%%CITATION = ARXIV:1810.07706;%%"
}

@article{GWEFT2,
      author         = "Cardoso, Vitor and Kimura, Masashi and Maselli, Andrea
                        and Senatore, Leonardo",
      title          = "{Black Holes in an Effective Field Theory Extension of
                        General Relativity}",
      journal        = "Phys. Rev. Lett.",
      volume         = "121",
      year           = "2018",
      number         = "25",
      pages          = "251105",
      doi            = "10.1103/PhysRevLett.121.251105",
      eprint         = "1808.08962",
      archivePrefix  = "arXiv",
      primaryClass   = "gr-qc",
      SLACcitation   = "%%CITATION = ARXIV:1808.08962;%%"
}

@article{GWEFT1,
      author         = "Endlich, Solomon and Gorbenko, Victor and Huang, Junwu
                        and Senatore, Leonardo",
      title          = "{An effective formalism for testing extensions to General
                        Relativity with gravitational waves}",
      journal        = "JHEP",
      volume         = "09",
      year           = "2017",
      pages          = "122",
      doi            = "10.1007/JHEP09(2017)122",
      eprint         = "1704.01590",
      archivePrefix  = "arXiv",
      primaryClass   = "gr-qc",
      SLACcitation   = "%%CITATION = ARXIV:1704.01590;%%"
}

@article{GWpropIII,
      author         = "Nishizawa, Atsushi and Arai, Shun",
      title          = "{Generalized framework for testing gravity with
                        gravitational-wave propagation. III. Future prospect}",
      journal        = "Phys. Rev.",
      volume         = "D99",
      year           = "2019",
      number         = "10",
      pages          = "104038",
      doi            = "10.1103/PhysRevD.99.104038",
      eprint         = "1901.08249",
      archivePrefix  = "arXiv",
      primaryClass   = "gr-qc",
      SLACcitation   = "%%CITATION = ARXIV:1901.08249;%%"
}

@article{GWpropII,
      author         = "Arai, Shun and Nishizawa, Atsushi",
      title          = "{Generalized framework for testing gravity with
                        gravitational-wave propagation. II. Constraints on
                        Horndeski theory}",
      journal        = "Phys. Rev.",
      volume         = "D97",
      year           = "2018",
      number         = "10",
      pages          = "104038",
      doi            = "10.1103/PhysRevD.97.104038",
      eprint         = "1711.03776",
      archivePrefix  = "arXiv",
      primaryClass   = "gr-qc",
      SLACcitation   = "%%CITATION = ARXIV:1711.03776;%%"
}

@article{GWpropI,
      author         = "Nishizawa, Atsushi",
      title          = "{Generalized framework for testing gravity with
                        gravitational-wave propagation. I. Formulation}",
      journal        = "Phys. Rev.",
      volume         = "D97",
      year           = "2018",
      number         = "10",
      pages          = "104037",
      doi            = "10.1103/PhysRevD.97.104037",
      eprint         = "1710.04825",
      archivePrefix  = "arXiv",
      primaryClass   = "gr-qc",
      SLACcitation   = "%%CITATION = ARXIV:1710.04825;%%"
}

@article{eccentric7,
      author         = "Moore, Blake and Yunes, Nicolás",
      title          = "{A 3PN Fourier Domain Waveform for Non-Spinning Binaries
                        with Moderate Eccentricity}",
      year           = "2019",
      eprint         = "1903.05203",
      archivePrefix  = "arXiv",
      primaryClass   = "gr-qc",
      SLACcitation   = "%%CITATION = ARXIV:1903.05203;%%"
}

@article{eccentric6,
      author         = "Moore, Blake and Robson, Travis and Loutrel, Nicholas and
                        Yunes, Nicolas",
      title          = "{Towards a Fourier domain waveform for non-spinning
                        binaries with arbitrary eccentricity}",
      journal        = "Class. Quant. Grav.",
      volume         = "35",
      year           = "2018",
      number         = "23",
      pages          = "235006",
      doi            = "10.1088/1361-6382/aaea00",
      eprint         = "1807.07163",
      archivePrefix  = "arXiv",
      primaryClass   = "gr-qc",
      SLACcitation   = "%%CITATION = ARXIV:1807.07163;%%"
}

@article{eccentric5,
      author         = "Klein, Antoine and Boetzel, Yannick and Gopakumar,
                        Achamveedu and Jetzer, Philippe and de Vittori, Lorenzo",
      title          = "{Fourier domain gravitational waveforms for precessing
                        eccentric binaries}",
      journal        = "Phys. Rev.",
      volume         = "D98",
      year           = "2018",
      number         = "10",
      pages          = "104043",
      doi            = "10.1103/PhysRevD.98.104043",
      eprint         = "1801.08542",
      archivePrefix  = "arXiv",
      primaryClass   = "gr-qc",
      SLACcitation   = "%%CITATION = ARXIV:1801.08542;%%"
}

@article{eccentric4,
      author         = "Huerta, E. A. and others",
      title          = "{Eccentric, nonspinning, inspiral, Gaussian-process
                        merger approximant for the detection and characterization
                        of eccentric binary black hole mergers}",
      journal        = "Phys. Rev.",
      volume         = "D97",
      year           = "2018",
      number         = "2",
      pages          = "024031",
      doi            = "10.1103/PhysRevD.97.024031",
      eprint         = "1711.06276",
      archivePrefix  = "arXiv",
      primaryClass   = "gr-qc",
      SLACcitation   = "%%CITATION = ARXIV:1711.06276;%%"
}

@article{eccentric3,
      author         = "Hinder, Ian and Kidder, Lawrence E. and Pfeiffer, Harald
                        P.",
      title          = "{Eccentric binary black hole inspiral-merger-ringdown
                        gravitational waveform model from numerical relativity and
                        post-Newtonian theory}",
      journal        = "Phys. Rev.",
      volume         = "D98",
      year           = "2018",
      number         = "4",
      pages          = "044015",
      doi            = "10.1103/PhysRevD.98.044015",
      eprint         = "1709.02007",
      archivePrefix  = "arXiv",
      primaryClass   = "gr-qc",
      SLACcitation   = "%%CITATION = ARXIV:1709.02007;%%"
}

@article{eccentric2,
      author         = "Cao, Zhoujian and Han, Wen-Biao",
      title          = "{Waveform model for an eccentric binary black hole based
                        on the effective-one-body-numerical-relativity formalism}",
      journal        = "Phys. Rev.",
      volume         = "D96",
      year           = "2017",
      number         = "4",
      pages          = "044028",
      doi            = "10.1103/PhysRevD.96.044028",
      eprint         = "1708.00166",
      archivePrefix  = "arXiv",
      primaryClass   = "gr-qc",
      SLACcitation   = "%%CITATION = ARXIV:1708.00166;%%"
}

@article{eccentric1,
      author         = "Hinderer, Tanja and Babak, Stanislav",
      title          = "{Foundations of an effective-one-body model for
                        coalescing binaries on eccentric orbits}",
      journal        = "Phys. Rev.",
      volume         = "D96",
      year           = "2017",
      number         = "10",
      pages          = "104048",
      doi            = "10.1103/PhysRevD.96.104048",
      eprint         = "1707.08426",
      archivePrefix  = "arXiv",
      primaryClass   = "gr-qc",
      SLACcitation   = "%%CITATION = ARXIV:1707.08426;%%"
}

@InProceedings{GPRuncertaindata,
author="Dallaire, Patrick
and Besse, Camille
and Chaib-draa, Brahim",
editor="Leung, Chi Sing
and Lee, Minho
and Chan, Jonathan H.",
title="Learning Gaussian Process Models from Uncertain Data",
booktitle="Neural Information Processing",
year="2009",
publisher="Springer Berlin Heidelberg",
address="Berlin, Heidelberg",
pages="433--440",
abstract="It is generally assumed in the traditional formulation of supervised learning that only the outputs data are uncertain. However, this assumption might be too strong for some learning tasks. This paper investigates the use of Gaussian Process prior to infer consistent models given uncertain data. By assuming a Gaussian distribution with known variances over the inputs and a Gaussian covariance function, it is possible to marginalize out the inputs' uncertainty and keep an analytical posterior distribution over functions. We demonstrated the properties of the method on a synthetic problem and on a more realistic one, which consist in learning the dynamics of the well-known cart-pole problem and compare the performance versus a classic Gaussian Process. A large improvement of the mean squared error is presented as well as the consistency of the result of the regression.",
isbn="978-3-642-10677-4"
}



@article{Thrane:Bayes,
      author         = "Thrane, Eric and Talbot, Colm",
      title          = "{An introduction to Bayesian inference in
                        gravitational-wave astronomy: parameter estimation, model
                        selection, and hierarchical models}",
      journal        = "Publ. Astron. Soc. Austral.",
      volume         = "36",
      year           = "2019",
      pages          = "10",
      doi            = "10.1017/pasa.2019.2",
      eprint         = "1809.02293",
      archivePrefix  = "arXiv",
      primaryClass   = "astro-ph.IM",
      SLACcitation   = "%%CITATION = ARXIV:1809.02293;%%"
}


@article{bilby,
      author         = "Ashton, Gregory and others",
      title          = "{BILBY: A user-friendly Bayesian inference library for
                        gravitational-wave astronomy}",
      journal        = "Astrophys. J. Suppl.",
      volume         = "241",
      year           = "2019",
      number         = "2",
      pages          = "27",
      doi            = "10.3847/1538-4365/ab06fc",
      eprint         = "1811.02042",
      archivePrefix  = "arXiv",
      primaryClass   = "astro-ph.IM",
      SLACcitation   = "%%CITATION = ARXIV:1811.02042;%%"
}

@misc{pycbc,
  author       = {Alex Nitz and
                  Ian Harry and
                  Duncan Brown and
                  Christopher M. Biwer and
                  Josh Willis and
                  Tito Dal Canton and
                  Collin Capano and
                  Larne Pekowsky and
                  Thomas Dent and
                  Andrew R. Williamson and
                  Miriam Cabero and
                  Soumi De and
                  Bernd Machenschalk and
                  Duncan Macleod and
                  Prayush Kumar and
                  Steven Reyes and
                  Gareth Davies and
                  Thomas Massinger and
                  Márton Tápai and
                  dfinstad and
                  Stephen Fairhurst and
                  Sebastian Khan and
                  Alex Nielsen and
                  shasvath and
                  Francesco Pannarale and
                  Leo Singer and
                  idorrington92 and
                  Hunter Gabbard and
                  Sumit Kumar and
                  Bhooshan Uday Varsha Gadre},
  title        = {gwastro/pycbc: PyCBC Release v1.14.1},
  month        = jul,
  year         = 2019,
  doi          = {10.5281/zenodo.3265452},
  url          = {https://doi.org/10.5281/zenodo.3265452}
}

@article{nullstreamLVK1,
      author         = "Hagihara, Yuki and Era, Naoya and Iikawa, Daisuke and
                        Asada, Hideki",
      title          = "{Probing gravitational wave polarizations with Advanced
                        LIGO, Advanced Virgo and KAGRA}",
      journal        = "Phys. Rev.",
      volume         = "D98",
      year           = "2018",
      number         = "6",
      pages          = "064035",
      doi            = "10.1103/PhysRevD.98.064035",
      eprint         = "1807.07234",
      archivePrefix  = "arXiv",
      primaryClass   = "gr-qc",
      SLACcitation   = "%%CITATION = ARXIV:1807.07234;%%"
}


@article{nullstreamLVK2,
      author         = "Hagihara, Yuki and Era, Naoya and Iikawa, Daisuke and
                        Nishizawa, Atsushi and Asada, Hideki",
      title          = "{Constraining extra gravitational wave polarizations with
                        Advanced LIGO, Advanced Virgo and KAGRA and upper bounds
                        from GW170817}",
      year           = "2019",
      eprint         = "1904.02300",
      archivePrefix  = "arXiv",
      primaryClass   = "gr-qc",
      SLACcitation   = "%%CITATION = ARXIV:1904.02300;%%"
}


@article{PPEPol,
      author         = "Chatziioannou, Katerina and Yunes, Nicolas and Cornish,
                        Neil",
      title          = "{Model-Independent Test of General Relativity: An
                        Extended post-Einsteinian Framework with Complete
                        Polarization Content}",
      journal        = "Phys. Rev.",
      volume         = "D86",
      year           = "2012",
      pages          = "022004",
      doi            = "10.1103/PhysRevD.86.022004, 10.1103/PhysRevD.95.129901",
      note           = "[Erratum: Phys. Rev.D95,no.12,129901(2017)]",
      eprint         = "1204.2585",
      archivePrefix  = "arXiv",
      primaryClass   = "gr-qc",
      SLACcitation   = "%%CITATION = ARXIV:1204.2585;%%"
}

@article{nullstreamtinto,
  title = {Near optimal solution to the inverse problem for gravitational-wave bursts},
  author = {G\"ursel, Yekta and Tinto, Massimo},
  journal = {Phys. Rev. D},
  volume = {40},
  issue = {12},
  pages = {3884--3938},
  numpages = {0},
  year = {1989},
  month = {Dec},
  publisher = {American Physical Society},
  doi = {10.1103/PhysRevD.40.3884},
  url = {https://link.aps.org/doi/10.1103/PhysRevD.40.3884}
}


@article{LIGOTechPol,
      author         = "Isi, Maximiliano and Weinstein, Alan J.",
      title          = "{Probing gravitational wave polarizations with signals
                        from compact binary coalescences}",
      year           = "2017",
      eprint         = "1710.03794",
      archivePrefix  = "arXiv",
      primaryClass   = "gr-qc",
      reportNumber   = "LIGO-P1700276",
      SLACcitation   = "%%CITATION = ARXIV:1710.03794;%%"
}

@article{BHPurLivingReview,
      author         = "Sasaki, Misao and Tagoshi, Hideyuki",
      title          = "{Analytic black hole perturbation approach to
                        gravitational radiation}",
      journal        = "Living Rev. Rel.",
      volume         = "6",
      year           = "2003",
      pages          = "6",
      doi            = "10.12942/lrr-2003-6",
      eprint         = "gr-qc/0306120",
      archivePrefix  = "arXiv",
      primaryClass   = "gr-qc",
      SLACcitation   = "%%CITATION = GR-QC/0306120;%%"
}


@article{NRLivingReview,
      author         = "Cardoso, Vitor and Gualtieri, Leonardo and Herdeiro,
                        Carlos and Sperhake, Ulrich",
      title          = "{Exploring New Physics Frontiers Through Numerical
                        Relativity}",
      journal        = "Living Rev. Relativity",
      volume         = "18",
      year           = "2015",
      pages          = "1",
      doi            = "10.12942/lrr-2015-1, 10.1007/lrr-2015-1",
      eprint         = "1409.0014",
      archivePrefix  = "arXiv",
      primaryClass   = "gr-qc",
      SLACcitation   = "%%CITATION = ARXIV:1409.0014;%%"
}


@article{PNLivingReview,
      author         = "Blanchet, Luc",
      title          = "{Gravitational Radiation from Post-Newtonian Sources and
                        Inspiralling Compact Binaries}",
      journal        = "Living Rev. Rel.",
      volume         = "17",
      year           = "2014",
      pages          = "2",
      doi            = "10.12942/lrr-2014-2",
      eprint         = "1310.1528",
      archivePrefix  = "arXiv",
      primaryClass   = "gr-qc",
      SLACcitation   = "%%CITATION = ARXIV:1310.1528;%%"
}

@article{GW150914rate,
      author         = "Abbott, B. P. and others",
      title          = "{The Rate of Binary Black Hole Mergers Inferred from
                        Advanced LIGO Observations Surrounding GW150914}",
      collaboration  = "LIGO Scientific, Virgo",
      journal        = "Astrophys. J.",
      volume         = "833",
      year           = "2016",
      number         = "1",
      pages          = "L1",
      doi            = "10.3847/2041-8205/833/1/L1",
      eprint         = "1602.03842",
      archivePrefix  = "arXiv",
      primaryClass   = "astro-ph.HE",
      reportNumber   = "LIGO-P1500217",
      SLACcitation   = "%%CITATION = ARXIV:1602.03842;%%"
}

@article{FirstGalaxy,
      author         = "Yajima, Hidenobu and Nagamine, Kentaro and Zhu, Qirong
                        and Khochfar, Sadegh and Vecchia, Claudio Dalla",
      title          = "{Growth of First Galaxies: Impacts of Star Formation and
                        Stellar Feedback}",
      journal        = "Astrophys. J.",
      volume         = "846",
      year           = "2017",
      number         = "1",
      pages          = "30",
      doi            = "10.3847/1538-4357/aa82b5",
      eprint         = "1704.03117",
      archivePrefix  = "arXiv",
      primaryClass   = "astro-ph.GA",
      SLACcitation   = "%%CITATION = ARXIV:1704.03117;%%"
}

@article{peter2,
	Author = {Peters, P. C.},
	Doi = {10.1103/PhysRev.136.B1224},
	Issue = {4B},
	Journal = {Phys. Rev.},
	Month = {Nov},
	Numpages = {0},
	Pages = {B1224--B1232},
	Publisher = {American Physical Society},
	Title = {Gravitational Radiation and the Motion of Two Point Masses},
	Url = {https://link.aps.org/doi/10.1103/PhysRev.136.B1224},
	Volume = {136},
	Year = {1964},
	Bdsk-Url-1 = {https://link.aps.org/doi/10.1103/PhysRev.136.B1224},
	Bdsk-Url-2 = {https://doi.org/10.1103/PhysRev.136.B1224}}

@article{peter1,
	Author = {Peters, P. C. and Mathews, J.},
	Doi = {10.1103/PhysRev.131.435},
	Issue = {1},
	Journal = {Phys. Rev.},
	Month = {Jul},
	Numpages = {0},
	Pages = {435--440},
	Publisher = {American Physical Society},
	Title = {Gravitational Radiation from Point Masses in a Keplerian Orbit},
	Url = {https://link.aps.org/doi/10.1103/PhysRev.131.435},
	Volume = {131},
	Year = {1963},
	Bdsk-Url-1 = {https://link.aps.org/doi/10.1103/PhysRev.131.435},
	Bdsk-Url-2 = {https://doi.org/10.1103/PhysRev.131.435}}

@article{sfr-Hopkins_2006,
	Abstract = {Strong constraints on the cosmic star formation history (SFH) have recently been established using ultraviolet and far-infrared measurements, refining the results of numerous measurements over the past decade. The data show a compellingly consistent picture of the SFH out to redshift z ≈ 6, with especially tight constraints for z ≲ 1. We fit these data with simple analytical forms and derive conservative uncertainties. Since the z ≲ 1 SFH data are quite precise, we investigate the sequence of assumptions and corrections that together affect the SFH normalization to test their accuracy, both in this redshift range and beyond. As lower limits on this normalization, we consider the evolution in stellar and metal mass densities, and supernova rate density, finding it unlikely that the SFH normalization is much lower than indicated by our direct fit. As a corresponding upper limit on the SFH normalization, we consider the Super-Kamiokande limit on the electron antineutrino (e) flux from past core-collapse supernovae, which applies primarily to z ≲ 1. We find consistency with the SFH only if the neutrino temperatures from supernova events are relatively modest. Constraints on the assumed initial mass function (IMF) also become apparent. The traditional Salpeter IMF, assumed for convenience by many authors, is known to be a poor representation at low stellar masses (≲1 M☉), and we show that recently favored IMFs are also constrained. In particular, somewhat shallow, or top-heavy, IMFs may be preferred, although they cannot be too top-heavy. To resolve the outstanding issues, improved data are called for on the supernova rate density evolution, the ranges of stellar masses leading to core-collapse and type Ia supernovae, and the antineutrino and neutrino backgrounds from core-collapse supernovae.},
	Author = {Andrew M. Hopkins and John F. Beacom},
	Doi = {10.1086/506610},
	Journal = {The Astrophysical Journal},
	Month = {nov},
	Number = {1},
	Pages = {142--154},
	Publisher = {{IOP} Publishing},
	Title = {On the Normalization of the Cosmic Star Formation History},
	Url = {https://doi.org/10.1086%2F506610},
	Volume = {651},
	Year = 2006,
	Bdsk-Url-1 = {https://doi.org/10.1086%2F506610},
	Bdsk-Url-2 = {https://doi.org/10.1086/506610}}

@article{LIGO-sgwb-o2-iso,
	Archiveprefix = {arXiv},
	Author = {Abbott, B. P. and others},
	Collaboration = {LIGO Scientific, Virgo},
	Eprint = {1903.02886},
	Primaryclass = {gr-qc},
	Reportnumber = {LIGO-P1800248},
	Slaccitation = {%%CITATION = ARXIV:1903.02886;%%},
	Title = {{A search for the isotropic stochastic background using data from Advanced LIGO's second observing run}},
	Year = {2019}}

@article{Christensen:sgwbreview,
	Archiveprefix = {arXiv},
	Author = {Christensen, Nelson},
	Doi = {10.1088/1361-6633/aae6b5},
	Eprint = {1811.08797},
	Journal = {Rept. Prog. Phys.},
	Number = {1},
	Pages = {016903},
	Primaryclass = {gr-qc},
	Slaccitation = {%%CITATION = ARXIV:1811.08797;%%},
	Title = {{Stochastic Gravitational Wave Backgrounds}},
	Volume = {82},
	Year = {2019},
	Bdsk-Url-1 = {https://doi.org/10.1088/1361-6633/aae6b5}}

@inproceedings{skilling2004nested,
	Author = {Skilling, John},
	Booktitle = {AIP Conference Proceedings},
	Number = {1},
	Organization = {AIP},
	Pages = {395--405},
	Title = {Nested sampling},
	Volume = {735},
	Year = {2004}}

@article{lalinference,
	Archiveprefix = {arXiv},
	Author = {Veitch, J. and others},
	Doi = {10.1103/PhysRevD.91.042003},
	Eprint = {1409.7215},
	Journal = {Phys. Rev.},
	Number = {4},
	Pages = {042003},
	Primaryclass = {gr-qc},
	Reportnumber = {LIGO-P1400152},
	Slaccitation = {%%CITATION = ARXIV:1409.7215;%%},
	Title = {{Parameter estimation for compact binaries with ground-based gravitational-wave observations using the LALInference software library}},
	Volume = {D91},
	Year = {2015},
	Bdsk-Url-1 = {https://doi.org/10.1103/PhysRevD.91.042003}}

@article{bayesintro,
	Archiveprefix = {arXiv},
	Author = {Thrane, Eric and Talbot, Colm},
	Doi = {10.1017/pasa.2019.2},
	Eprint = {1809.02293},
	Journal = {Publ. Astron. Soc. Austral.},
	Pages = {10},
	Primaryclass = {astro-ph.IM},
	Slaccitation = {%%CITATION = ARXIV:1809.02293;%%},
	Title = {{An introduction to Bayesian inference in gravitational-wave astronomy: parameter estimation, model selection, and hierarchical models}},
	Volume = {36},
	Year = {2019},
	Bdsk-Url-1 = {https://doi.org/10.1017/pasa.2019.2}}

@book{sivia2006data,
	Author = {Sivia, Devinderjit and Skilling, John},
	Publisher = {OUP Oxford},
	Title = {Data analysis: a Bayesian tutorial},
	Year = {2006}}

@article{ABCF2001,
	Author = {Anderson, Warren G. and Brady, Patrick R. and Creighton, Jolien D. E. and Flanagan, \'Eanna \'E.},
	Doi = {10.1103/PhysRevD.63.042003},
	Issue = {4},
	Journal = {Phys. Rev. D},
	Month = {Jan},
	Numpages = {20},
	Pages = {042003},
	Publisher = {American Physical Society},
	Title = {Excess power statistic for detection of burst sources of gravitational radiation},
	Url = {https://link.aps.org/doi/10.1103/PhysRevD.63.042003},
	Volume = {63},
	Year = {2001},
	Bdsk-Url-1 = {https://link.aps.org/doi/10.1103/PhysRevD.63.042003},
	Bdsk-Url-2 = {https://doi.org/10.1103/PhysRevD.63.042003}}

@article{RedundancyVeto,
	Archiveprefix = {arXiv},
	Author = {Wen, Linqing and Schutz, Bernard F},
	Booktitle = {{Gravitational wave data analysis. Proceedings, 9th Workshop, GWDAW 2004, Annecy, France, December 15-18, 2004}},
	Doi = {10.1088/0264-9381/22/18/S46},
	Eprint = {gr-qc/0508042},
	Journal = {Class. Quant. Grav.},
	Pages = {S1321-S1336},
	Primaryclass = {gr-qc},
	Slaccitation = {%%CITATION = GR-QC/0508042;%%},
	Title = {{Coherent network detection of gravitational waves: The Redundancy veto}},
	Volume = {22},
	Year = {2005},
	Bdsk-Url-1 = {https://doi.org/10.1088/0264-9381/22/18/S46}}

@article{PolarizationPRL,
	Author = {Eardley, Douglas M. and Lee, David L. and Lightman, Alan P. and Wagoner, Robert V. and Will, Clifford M.},
	Doi = {10.1103/PhysRevLett.30.884},
	Issue = {18},
	Journal = {Phys. Rev. Lett.},
	Month = {Apr},
	Numpages = {0},
	Pages = {884--886},
	Publisher = {American Physical Society},
	Title = {Gravitational-Wave Observations as a Tool for Testing Relativistic Gravity},
	Url = {https://link.aps.org/doi/10.1103/PhysRevLett.30.884},
	Volume = {30},
	Year = {1973},
	Bdsk-Url-1 = {https://link.aps.org/doi/10.1103/PhysRevLett.30.884},
	Bdsk-Url-2 = {https://doi.org/10.1103/PhysRevLett.30.884}}

@article{PolarizationPRD,
	Author = {Eardley, Douglas M. and Lee, David L. and Lightman, Alan P.},
	Doi = {10.1103/PhysRevD.8.3308},
	Issue = {10},
	Journal = {Phys. Rev. D},
	Month = {Nov},
	Numpages = {0},
	Pages = {3308--3321},
	Publisher = {American Physical Society},
	Title = {Gravitational-Wave Observations as a Tool for Testing Relativistic Gravity},
	Url = {https://link.aps.org/doi/10.1103/PhysRevD.8.3308},
	Volume = {8},
	Year = {1973},
	Bdsk-Url-1 = {https://link.aps.org/doi/10.1103/PhysRevD.8.3308},
	Bdsk-Url-2 = {https://doi.org/10.1103/PhysRevD.8.3308}}

@article{TIGERRingdown2,
	Author = {Carullo, Gregorio and van der Schaaf, Laura and London, Lionel and Pang, Peter T. H. and Tsang, Ka Wa and Hannuksela, Otto A. and Meidam, Jeroen and Agathos, Michalis and Samajdar, Anuradha and Ghosh, Archisman and Li, Tjonnie G. F. and Del Pozzo, Walter and Van Den Broeck, Chris},
	Doi = {10.1103/PhysRevD.98.104020},
	Issue = {10},
	Journal = {Phys. Rev. D},
	Month = {Nov},
	Numpages = {6},
	Pages = {104020},
	Publisher = {American Physical Society},
	Title = {Empirical tests of the black hole no-hair conjecture using gravitational-wave observations},
	Url = {https://link.aps.org/doi/10.1103/PhysRevD.98.104020},
	Volume = {98},
	Year = {2018},
	Bdsk-Url-1 = {https://link.aps.org/doi/10.1103/PhysRevD.98.104020},
	Bdsk-Url-2 = {https://doi.org/10.1103/PhysRevD.98.104020}}

@article{TIGERringdown1,
	Author = {Meidam, J. and Agathos, M. and Van Den Broeck, C. and Veitch, J. and Sathyaprakash, B. S.},
	Doi = {10.1103/PhysRevD.90.064009},
	Issue = {6},
	Journal = {Phys. Rev. D},
	Month = {Sep},
	Numpages = {11},
	Pages = {064009},
	Publisher = {American Physical Society},
	Title = {Testing the no-hair theorem with black hole ringdowns using TIGER},
	Url = {https://link.aps.org/doi/10.1103/PhysRevD.90.064009},
	Volume = {90},
	Year = {2014},
	Bdsk-Url-1 = {https://link.aps.org/doi/10.1103/PhysRevD.90.064009},
	Bdsk-Url-2 = {https://doi.org/10.1103/PhysRevD.90.064009}}

@article{BHhorizonoverview,
	Archiveprefix = {arXiv},
	Author = {Cardoso, Vitor and Pani, Paolo},
	Eprint = {1707.03021},
	Primaryclass = {gr-qc},
	Slaccitation = {%%CITATION = ARXIV:1707.03021;%%},
	Title = {{The observational evidence for horizons: from echoes to precision gravitational-wave physics}},
	Year = {2017}}

@article{Nohairseminal3,
	Author = {Carter, B.},
	Doi = {10.1103/PhysRevLett.26.331},
	Issue = {6},
	Journal = {Phys. Rev. Lett.},
	Month = {Feb},
	Numpages = {0},
	Pages = {331--333},
	Publisher = {American Physical Society},
	Title = {Axisymmetric Black Hole Has Only Two Degrees of Freedom},
	Url = {https://link.aps.org/doi/10.1103/PhysRevLett.26.331},
	Volume = {26},
	Year = {1971},
	Bdsk-Url-1 = {https://link.aps.org/doi/10.1103/PhysRevLett.26.331},
	Bdsk-Url-2 = {https://doi.org/10.1103/PhysRevLett.26.331}}

@article{Nohairseminal2,
	Abstract = {The following theorem is established. Among all static, asymptotically flat electrovac fields with closed, simply-connected equipotential surfacesg0 0=const.. the only ones which have regular event horizonsg0 0=0 are the Reissner-Nordstr{\"o}m family of spherisymmetric solutions withm≧G1/2|e|/c. In the special case where the gravitational coupling of the electromagnetic energy density is neglected (G=0) all solutions are computed explicitly, thus extending an earlier result ofGinzburg for a magnetic dipole inSchwarzschild's space-time. Possible implications for gravitational collapse are briefly discussed.},
	Author = {Israel, Werner},
	Day = {01},
	Doi = {10.1007/BF01645859},
	Issn = {1432-0916},
	Journal = {Communications in Mathematical Physics},
	Month = {Sep},
	Number = {3},
	Pages = {245--260},
	Title = {Event horizons in static electrovac space-times},
	Url = {https://doi.org/10.1007/BF01645859},
	Volume = {8},
	Year = {1968},
	Bdsk-Url-1 = {https://doi.org/10.1007/BF01645859}}

@article{Nohairseminal1,
	Author = {Israel, Werner},
	Doi = {10.1103/PhysRev.164.1776},
	Issue = {5},
	Journal = {Phys. Rev.},
	Month = {Dec},
	Numpages = {0},
	Pages = {1776--1779},
	Publisher = {American Physical Society},
	Title = {Event Horizons in Static Vacuum Space-Times},
	Url = {https://link.aps.org/doi/10.1103/PhysRev.164.1776},
	Volume = {164},
	Year = {1967},
	Bdsk-Url-1 = {https://link.aps.org/doi/10.1103/PhysRev.164.1776},
	Bdsk-Url-2 = {https://doi.org/10.1103/PhysRev.164.1776}}

@article{QNMberti,
	Author = {Berti, Emanuele and Cardoso, Vitor and Will, Clifford M.},
	Doi = {10.1103/PhysRevD.73.064030},
	Issue = {6},
	Journal = {Phys. Rev. D},
	Month = {Mar},
	Numpages = {41},
	Pages = {064030},
	Publisher = {American Physical Society},
	Title = {Gravitational-wave spectroscopy of massive black holes with the space interferometer LISA},
	Url = {https://link.aps.org/doi/10.1103/PhysRevD.73.064030},
	Volume = {73},
	Year = {2006},
	Bdsk-Url-1 = {https://link.aps.org/doi/10.1103/PhysRevD.73.064030},
	Bdsk-Url-2 = {https://doi.org/10.1103/PhysRevD.73.064030}}

@article{fittingfactor,
	Author = {Apostolatos, Theocharis A.},
	Doi = {10.1103/PhysRevD.52.605},
	Issue = {2},
	Journal = {Phys. Rev. D},
	Month = {Jul},
	Numpages = {0},
	Pages = {605--620},
	Publisher = {American Physical Society},
	Title = {Search templates for gravitational waves from precessing, inspiraling binaries},
	Url = {https://link.aps.org/doi/10.1103/PhysRevD.52.605},
	Volume = {52},
	Year = {1995},
	Bdsk-Url-1 = {https://link.aps.org/doi/10.1103/PhysRevD.52.605},
	Bdsk-Url-2 = {https://doi.org/10.1103/PhysRevD.52.605}}

@article{BayesLine,
	Archiveprefix = {arXiv},
	Author = {Littenberg, Tyson B. and Cornish, Neil J.},
	Doi = {10.1103/PhysRevD.91.084034},
	Eprint = {1410.3852},
	Journal = {Phys. Rev.},
	Number = {8},
	Pages = {084034},
	Primaryclass = {gr-qc},
	Slaccitation = {%%CITATION = ARXIV:1410.3852;%%},
	Title = {{Bayesian inference for spectral estimation of gravitational wave detector noise}},
	Volume = {D91},
	Year = {2015},
	Bdsk-Url-1 = {https://doi.org/10.1103/PhysRevD.91.084034}}

@article{BayesWave,
	Archiveprefix = {arXiv},
	Author = {Cornish, Neil J. and Littenberg, Tyson B.},
	Doi = {10.1088/0264-9381/32/13/135012},
	Eprint = {1410.3835},
	Journal = {Class. Quant. Grav.},
	Number = {13},
	Pages = {135012},
	Primaryclass = {gr-qc},
	Slaccitation = {%%CITATION = ARXIV:1410.3835;%%},
	Title = {{BayesWave: Bayesian Inference for Gravitational Wave Bursts and Instrument Glitches}},
	Volume = {32},
	Year = {2015},
	Bdsk-Url-1 = {https://doi.org/10.1088/0264-9381/32/13/135012}}

@article{IMRconsistencyJapan,
	Archiveprefix = {arXiv},
	Author = {Nakano, Hiroyuki and Tanaka, Takahiro and Nakamura, Takashi},
	Doi = {10.1103/PhysRevD.92.064003},
	Eprint = {1506.00560},
	Journal = {Phys. Rev.},
	Number = {6},
	Pages = {064003},
	Primaryclass = {astro-ph.HE},
	Slaccitation = {%%CITATION = ARXIV:1506.00560;%%},
	Title = {{Possible golden events for ringdown gravitational waves}},
	Volume = {D92},
	Year = {2015},
	Bdsk-Url-1 = {https://doi.org/10.1103/PhysRevD.92.064003}}

@article{IMRconsistencyLISA,
	Archiveprefix = {arXiv},
	Author = {Hughes, Scott A. and Menou, Kristen},
	Doi = {10.1086/428826},
	Eprint = {astro-ph/0410148},
	Journal = {Astrophys. J.},
	Pages = {689-699},
	Primaryclass = {astro-ph},
	Slaccitation = {%%CITATION = ASTRO-PH/0410148;%%},
	Title = {{Golden binaries for LISA: Robust probes of strong-field gravity}},
	Volume = {623},
	Year = {2005},
	Bdsk-Url-1 = {https://doi.org/10.1086/428826}}

@article{IMRconsistency2,
	Archiveprefix = {arXiv},
	Author = {Ghosh, Abhirup and Johnson-Mcdaniel, Nathan K. and Ghosh, Archisman and Mishra, Chandra Kant and Ajith, Parameswaran and Del Pozzo, Walter and Berry, Christopher P. L. and Nielsen, Alex B. and London, Lionel},
	Doi = {10.1088/1361-6382/aa972e},
	Eprint = {1704.06784},
	Journal = {Class. Quant. Grav.},
	Number = {1},
	Pages = {014002},
	Primaryclass = {gr-qc},
	Reportnumber = {LIGO-P1700006, ICTS-2017-3},
	Slaccitation = {%%CITATION = ARXIV:1704.06784;%%},
	Title = {{Testing general relativity using gravitational wave signals from the inspiral, merger and ringdown of binary black holes}},
	Volume = {35},
	Year = {2018},
	Bdsk-Url-1 = {https://doi.org/10.1088/1361-6382/aa972e}}

@article{IMRconsistency1,
	Archiveprefix = {arXiv},
	Author = {Ghosh, Abhirup and others},
	Doi = {10.1103/PhysRevD.94.021101},
	Eprint = {1602.02453},
	Journal = {Phys. Rev.},
	Number = {2},
	Pages = {021101},
	Primaryclass = {gr-qc},
	Reportnumber = {LIGO-P1500185-V10, ICTS-2016-1, LIGO-P1500185-V11},
	Slaccitation = {%%CITATION = ARXIV:1602.02453;%%},
	Title = {{Testing general relativity using golden black-hole binaries}},
	Volume = {D94},
	Year = {2016},
	Bdsk-Url-1 = {https://doi.org/10.1103/PhysRevD.94.021101}}

@book{maggiore2008gravitational,
	Author = {Maggiore, Michele},
	Publisher = {Oxford university press},
	Title = {Gravitational Waves: Volume 1: Theory and Experiments},
	Volume = {1},
	Year = {2008}}

@article{IMRPhenomA,
	Archiveprefix = {arXiv},
	Author = {Ajith, P. and others},
	Doi = {10.1103/PhysRevD.79.129901, 10.1103/PhysRevD.77.104017},
	Eprint = {0710.2335},
	Journal = {Phys. Rev.},
	Note = {[Erratum: Phys. Rev.D79,129901(2009)]},
	Pages = {104017},
	Primaryclass = {gr-qc},
	Reportnumber = {LIGO-P070111-00-Z, AEI-2007-143},
	Slaccitation = {%%CITATION = ARXIV:0710.2335;%%},
	Title = {{A Template bank for gravitational waveforms from coalescing binary black holes. I. Non-spinning binaries}},
	Volume = {D77},
	Year = {2008},
	Bdsk-Url-1 = {https://doi.org/10.1103/PhysRevD.79.129901,%2010.1103/PhysRevD.77.104017}}

@article{IMRPhenomB,
	Archiveprefix = {arXiv},
	Author = {Ajith, P. and others},
	Doi = {10.1103/PhysRevLett.106.241101},
	Eprint = {0909.2867},
	Journal = {Phys. Rev. Lett.},
	Pages = {241101},
	Primaryclass = {gr-qc},
	Slaccitation = {%%CITATION = ARXIV:0909.2867;%%},
	Title = {{Inspiral-merger-ringdown waveforms for black-hole binaries with non-precessing spins}},
	Volume = {106},
	Year = {2011},
	Bdsk-Url-1 = {https://doi.org/10.1103/PhysRevLett.106.241101}}

@inproceedings{SGWBseminal1,
	Archiveprefix = {arXiv},
	Author = {Allen, Bruce},
	Booktitle = {{Relativistic gravitation and gravitational radiation. Proceedings, School of Physics, Les Houches, France, September 26-October 6, 1995}},
	Eprint = {gr-qc/9604033},
	Pages = {373-417},
	Primaryclass = {gr-qc},
	Reportnumber = {WISC-MILW-96-TH-22},
	Slaccitation = {%%CITATION = GR-QC/9604033;%%},
	Title = {{The Stochastic gravity wave background: Sources and detection}},
	Year = {1996}}

@article{SGWBseminal2,
	Author = {Allen, Bruce and Romano, Joseph D.},
	Doi = {10.1103/PhysRevD.59.102001},
	Issue = {10},
	Journal = {Phys. Rev. D},
	Month = {Mar},
	Numpages = {41},
	Pages = {102001},
	Publisher = {American Physical Society},
	Title = {Detecting a stochastic background of gravitational radiation: Signal processing strategies and sensitivities},
	Url = {https://link.aps.org/doi/10.1103/PhysRevD.59.102001},
	Volume = {59},
	Year = {1999},
	Bdsk-Url-1 = {https://link.aps.org/doi/10.1103/PhysRevD.59.102001},
	Bdsk-Url-2 = {https://doi.org/10.1103/PhysRevD.59.102001}}

@article{GWTC1-rate,
	Archiveprefix = {arXiv},
	Author = {Abbott, B. P. and others},
	Collaboration = {LIGO Scientific, Virgo},
	Eprint = {1811.12940},
	Primaryclass = {astro-ph.HE},
	Reportnumber = {LIGO-P1800324},
	Slaccitation = {%%CITATION = ARXIV:1811.12940;%%},
	Title = {{Binary Black Hole Population Properties Inferred from the First and Second Observing Runs of Advanced LIGO and Advanced Virgo}},
	Year = {2018}}

@article{GWTC1,
	Archiveprefix = {arXiv},
	Author = {Abbott, B. P. and others},
	Collaboration = {LIGO Scientific, Virgo},
	Eprint = {1811.12907},
	Primaryclass = {astro-ph.HE},
	Reportnumber = {LIGO-P1800307},
	Slaccitation = {%%CITATION = ARXIV:1811.12907;%%},
	Title = {{GWTC-1: A Gravitational-Wave Transient Catalog of Compact Binary Mergers Observed by LIGO and Virgo during the First and Second Observing Runs}},
	Year = {2018}}

@article{Raidal:2017mfl,
	Archiveprefix = {arXiv},
	Author = {Raidal, Martti and Vaskonen, Ville and Veerm{\"a}e, Hardi},
	Doi = {10.1088/1475-7516/2017/09/037},
	Eprint = {1707.01480},
	Journal = {JCAP},
	Pages = {037},
	Primaryclass = {astro-ph.CO},
	Slaccitation = {%%CITATION = ARXIV:1707.01480;%%},
	Title = {{Gravitational Waves from Primordial Black Hole Mergers}},
	Volume = {1709},
	Year = {2017},
	Bdsk-Url-1 = {https://doi.org/10.1088/1475-7516/2017/09/037}}

@article{Abbott:2016blz,
	Archiveprefix = {arXiv},
	Author = {Abbott, B. P. and others},
	Collaboration = {Virgo, LIGO Scientific},
	Doi = {10.1103/PhysRevLett.116.061102},
	Eprint = {1602.03837},
	Journal = {Phys. Rev. Lett.},
	Number = {6},
	Pages = {061102},
	Primaryclass = {gr-qc},
	Reportnumber = {LIGO-P150914},
	Slaccitation = {%%CITATION = ARXIV:1602.03837;%%},
	Title = {{Observation of Gravitational Waves from a Binary Black Hole Merger}},
	Volume = {116},
	Year = {2016},
	Bdsk-Url-1 = {https://doi.org/10.1103/PhysRevLett.116.061102}}

@article{Abbott:2016nmj,
	Archiveprefix = {arXiv},
	Author = {Abbott, B. P. and others},
	Collaboration = {Virgo, LIGO Scientific},
	Doi = {10.1103/PhysRevLett.116.241103},
	Eprint = {1606.04855},
	Journal = {Phys. Rev. Lett.},
	Number = {24},
	Pages = {241103},
	Primaryclass = {gr-qc},
	Reportnumber = {LIGO-P151226},
	Slaccitation = {%%CITATION = ARXIV:1606.04855;%%},
	Title = {{GW151226: Observation of Gravitational Waves from a 22-Solar-Mass Binary Black Hole Coalescence}},
	Volume = {116},
	Year = {2016},
	Bdsk-Url-1 = {https://doi.org/10.1103/PhysRevLett.116.241103}}

@article{TheLIGOScientific:2016pea,
	Archiveprefix = {arXiv},
	Author = {Abbott, B. P. and others},
	Doi = {10.1103/PhysRevX.6.041015},
	Eprint = {1606.04856},
	Journal = {Phys. Rev.},
	Number = {4},
	Pages = {041015},
	Primaryclass = {gr-qc},
	Reportnumber = {LIGO-P1600088},
	Slaccitation = {%%CITATION = ARXIV:1606.04856;%%},
	Title = {{Binary Black Hole Mergers in the first Advanced LIGO Observing Run}},
	Volume = {X6},
	Year = {2016},
	Bdsk-Url-1 = {https://doi.org/10.1103/PhysRevX.6.041015}}

@article{TheLIGOScientific:2016htt,
	Archiveprefix = {arXiv},
	Author = {Abbott, B. P. and others},
	Collaboration = {Virgo, LIGO Scientific},
	Doi = {10.3847/2041-8205/818/2/L22},
	Eprint = {1602.03846},
	Journal = {Astrophys. J.},
	Number = {2},
	Pages = {L22},
	Primaryclass = {astro-ph.HE},
	Reportnumber = {LIGO-P1500262},
	Slaccitation = {%%CITATION = ARXIV:1602.03846;%%},
	Title = {{Astrophysical Implications of the Binary Black-Hole Merger GW150914}},
	Volume = {818},
	Year = {2016},
	Bdsk-Url-1 = {https://doi.org/10.3847/2041-8205/818/2/L22}}

@article{Belczynski:2010tb,
	Archiveprefix = {arXiv},
	Author = {Belczynski, K. and Dominik, M. and Bulik, T. and O'Shaughnessy, R. and Fryer, C. L. and Holz, D. E.},
	Doi = {10.1088/2041-8205/715/2/L138},
	Eprint = {1004.0386},
	Journal = {Astrophys. J.},
	Pages = {L138},
	Primaryclass = {astro-ph.HE},
	Reportnumber = {LA-UR-10-01970},
	Slaccitation = {%%CITATION = ARXIV:1004.0386;%%},
	Title = {{The effect of metallicity on the detection prospects for gravitational waves}},
	Volume = {715},
	Year = {2010},
	Bdsk-Url-1 = {https://doi.org/10.091088/2041-8205/715/2/L138}}

@article{Miller:2016krr,
	Archiveprefix = {arXiv},
	Author = {Coleman Miller, M.},
	Doi = {10.1007/s10714-016-2088-4},
	Eprint = {1606.06526},
	Journal = {Gen. Rel. Grav.},
	Number = {7},
	Pages = {95},
	Primaryclass = {astro-ph.HE},
	Slaccitation = {%%CITATION = ARXIV:1606.06526;%%},
	Title = {{Implications of the gravitational wave event GW150914}},
	Volume = {48},
	Year = {2016},
	Bdsk-Url-1 = {https://doi.org/10.1007/s10714-016-2088-4}}

@article{Clesse:2016vqa,
	Archiveprefix = {arXiv},
	Author = {Clesse, Sebastien and Garc{\'\i}a-Bellido, Juan},
	Doi = {10.1016/j.dark.2016.10.002},
	Eprint = {1603.05234},
	Journal = {Phys. Dark Univ.},
	Pages = {002},
	Primaryclass = {astro-ph.CO},
	Reportnumber = {TTK-16-10, IFT-UAM-CSIC-16-027},
	Slaccitation = {%%CITATION = ARXIV:1603.05234;%%},
	Title = {{The clustering of massive Primordial Black Holes as Dark Matter: measuring their mass distribution with Advanced LIGO}},
	Volume = {10},
	Year = {2016},
	Bdsk-Url-1 = {https://doi.org/10.1016/j.dark.2016.10.002}}

@article{Sasaki:2016jop,
	Archiveprefix = {arXiv},
	Author = {Sasaki, Misao and Suyama, Teruaki and Tanaka, Takahiro and Yokoyama, Shuichiro},
	Doi = {10.1103/PhysRevLett.117.061101},
	Eprint = {1603.08338},
	Journal = {Phys. Rev. Lett.},
	Number = {6},
	Pages = {061101},
	Primaryclass = {astro-ph.CO},
	Reportnumber = {RESCEU-17-16, RUP-16-7, YITP-16-43},
	Slaccitation = {%%CITATION = ARXIV:1603.08338;%%},
	Title = {{Primordial Black Hole Scenario for the Gravitational-Wave Event GW150914}},
	Volume = {117},
	Year = {2016},
	Bdsk-Url-1 = {https://doi.org/10.1103/PhysRevLett.117.061101}}

@article{Eroshenko:2016hmn,
	Archiveprefix = {arXiv},
	Author = {Eroshenko, {\relax Yu}. N.},
	Eprint = {1604.04932},
	Primaryclass = {astro-ph.CO},
	Slaccitation = {%%CITATION = ARXIV:1604.04932;%%},
	Title = {{Formation of PBHs binaries and gravitational waves from their merge}},
	Year = {2016}}

@article{Raccanelli:2016cud,
	Archiveprefix = {arXiv},
	Author = {Raccanelli, Alvise and Kovetz, Ely D. and Bird, Simeon and Cholis, Ilias and Munoz, Julian B.},
	Doi = {10.1103/PhysRevD.94.023516},
	Eprint = {1605.01405},
	Journal = {Phys. Rev.},
	Number = {2},
	Pages = {023516},
	Primaryclass = {astro-ph.CO},
	Slaccitation = {%%CITATION = ARXIV:1605.01405;%%},
	Title = {{Determining the progenitors of merging black-hole binaries}},
	Volume = {D94},
	Year = {2016},
	Bdsk-Url-1 = {https://doi.org/10.1103/PhysRevD.94.023516}}

@article{Nakamura:2016hna,
	Archiveprefix = {arXiv},
	Author = {Nakamura, Takashi and others},
	Doi = {10.1093/ptep/ptw127},
	Eprint = {1607.00897},
	Number = {9},
	Pages = {093E01},
	Primaryclass = {astro-ph.HE},
	Slaccitation = {%%CITATION = ARXIV:1607.00897;%%},
	Title = {{Pre-DECIGO can get the smoking gun to decide the astrophysical or cosmological origin of GW150914-like binary black holes}},
	Volume = {2016},
	Year = {2016},
	Bdsk-Url-1 = {https://doi.org/10.1093/ptep/ptw127}}

@article{Green:2016xgy,
	Archiveprefix = {arXiv},
	Author = {Green, Anne M.},
	Doi = {10.1103/PhysRevD.94.063530},
	Eprint = {1609.01143},
	Journal = {Phys. Rev.},
	Number = {6},
	Pages = {063530},
	Primaryclass = {astro-ph.CO},
	Slaccitation = {%%CITATION = ARXIV:1609.01143;%%},
	Title = {{Microlensing and dynamical constraints on primordial black hole dark matter with an extended mass function}},
	Volume = {D94},
	Year = {2016},
	Bdsk-Url-1 = {https://doi.org/10.1103/PhysRevD.94.063530}}

@article{Kashlinsky:2016sdv,
	Archiveprefix = {arXiv},
	Author = {Kashlinsky, A.},
	Doi = {10.3847/2041-8205/823/2/L25},
	Eprint = {1605.04023},
	Journal = {Astrophys. J.},
	Number = {2},
	Pages = {L25},
	Primaryclass = {astro-ph.CO},
	Slaccitation = {%%CITATION = ARXIV:1605.04023;%%},
	Title = {{LIGO gravitational wave detection, primordial black holes and the near-IR cosmic infrared background anisotropies}},
	Volume = {823},
	Year = {2016},
	Bdsk-Url-1 = {https://doi.org/10.3847/2041-8205/823/2/L25}}

@article{Bartolo:2016ami,
	Archiveprefix = {arXiv},
	Author = {Bartolo, Nicola and others},
	Eprint = {1610.06481},
	Primaryclass = {astro-ph.CO},
	Reportnumber = {ACFI-T16-19, UMN-TH-3608-16, CERN-TH-2016-222, KCL-PH-TH-2016-58, IFT-UAM-CSIC-16-104},
	Slaccitation = {%%CITATION = ARXIV:1610.06481;%%},
	Title = {{Science with the space-based interferometer LISA. IV: Probing inflation with gravitational waves}},
	Year = {2016}}

@article{Hawking:1971ei,
	Author = {Hawking, Stephen},
	Journal = {Mon. Not. Roy. Astron. Soc.},
	Pages = {75},
	Slaccitation = {%%CITATION = MNRAA,152,75;%%},
	Title = {{Gravitationally collapsed objects of very low mass}},
	Volume = {152},
	Year = {1971}}

@article{Dolgov:2013lba,
	Archiveprefix = {arXiv},
	Author = {Dolgov, A. D. and Blinnikov, S. I.},
	Doi = {10.1103/PhysRevD.89.021301},
	Eprint = {1309.3395},
	Journal = {Phys. Rev.},
	Number = {2},
	Pages = {021301},
	Primaryclass = {astro-ph.CO},
	Slaccitation = {%%CITATION = ARXIV:1309.3395;%%},
	Title = {{Stars and Black Holes from the very Early Universe}},
	Volume = {D89},
	Year = {2014},
	Bdsk-Url-1 = {https://doi.org/10.1103/PhysRevD.89.021301}}

@article{Nakamura:1997sm,
	Archiveprefix = {arXiv},
	Author = {Nakamura, Takashi and Sasaki, Misao and Tanaka, Takahiro and Thorne, Kip S.},
	Doi = {10.1086/310886},
	Eprint = {astro-ph/9708060},
	Journal = {Astrophys. J.},
	Pages = {L139-L142},
	Primaryclass = {astro-ph},
	Reportnumber = {YITP-97-17, OU-TAP-60, GRP-479},
	Slaccitation = {%%CITATION = ASTRO-PH/9708060;%%},
	Title = {{Gravitational waves from coalescing black hole MACHO binaries}},
	Volume = {487},
	Year = {1997},
	Bdsk-Url-1 = {https://doi.org/10.1086/310886}}

@article{Regimbau:2011rp,
	Archiveprefix = {arXiv},
	Author = {Regimbau, Tania},
	Doi = {10.1088/1674-4527/11/4/001},
	Eprint = {1101.2762},
	Journal = {Res. Astron. Astrophys.},
	Pages = {369-390},
	Primaryclass = {astro-ph.CO},
	Slaccitation = {%%CITATION = ARXIV:1101.2762;%%},
	Title = {{The astrophysical gravitational wave stochastic background}},
	Volume = {11},
	Year = {2011},
	Bdsk-Url-1 = {https://doi.org/10.1088/1674-4527/11/4/001}}

@article{Marassi:2011si,
	Author = {Marassi, S. and Schneider, R. and Corvino, G. and Ferrari, V. and Zwart, S. Portegies},
	Doi = {10.1103/PhysRevD.84.124037},
	Issue = {12},
	Journal = {Phys. Rev. D},
	Month = {Dec},
	Numpages = {14},
	Pages = {124037},
	Publisher = {American Physical Society},
	Title = {Imprint of the merger and ring-down on the gravitational wave background from black hole binaries coalescence},
	Url = {https://link.aps.org/doi/10.1103/PhysRevD.84.124037},
	Volume = {84},
	Year = {2011},
	Bdsk-Url-1 = {https://link.aps.org/doi/10.1103/PhysRevD.84.124037},
	Bdsk-Url-2 = {https://doi.org/10.1103/PhysRevD.84.124037}}

@article{Rosado:2011kv,
	Archiveprefix = {arXiv},
	Author = {Rosado, Pablo A.},
	Doi = {10.1103/PhysRevD.84.084004},
	Eprint = {1106.5795},
	Journal = {Phys. Rev.},
	Pages = {084004},
	Primaryclass = {gr-qc},
	Slaccitation = {%%CITATION = ARXIV:1106.5795;%%},
	Title = {{Gravitational wave background from binary systems}},
	Volume = {D84},
	Year = {2011},
	Bdsk-Url-1 = {https://doi.org/10.1103/PhysRevD.84.084004}}

@article{TheLIGOScientific:2016wyq,
	Archiveprefix = {arXiv},
	Author = {Abbott, B. P. and others},
	Collaboration = {Virgo, LIGO Scientific},
	Doi = {10.1103/PhysRevLett.116.131102},
	Eprint = {1602.03847},
	Journal = {Phys. Rev. Lett.},
	Number = {13},
	Pages = {131102},
	Primaryclass = {gr-qc},
	Reportnumber = {LIGO-P1500222},
	Slaccitation = {%%CITATION = ARXIV:1602.03847;%%},
	Title = {{GW150914: Implications for the stochastic gravitational wave background from binary black holes}},
	Volume = {116},
	Year = {2016},
	Bdsk-Url-1 = {https://doi.org/10.1103/PhysRevLett.116.131102}}

@article{Mandic:2016lcn,
	Archiveprefix = {arXiv},
	Author = {Mandic, Vuk and Bird, Simeon and Cholis, Ilias},
	Doi = {10.1103/PhysRevLett.117.201102},
	Eprint = {1608.06699},
	Journal = {Phys. Rev. Lett.},
	Number = {20},
	Pages = {201102},
	Primaryclass = {astro-ph.CO},
	Reportnumber = {LIGO-P1600241},
	Slaccitation = {%%CITATION = ARXIV:1608.06699;%%},
	Title = {{Stochastic Gravitational-Wave Background due to Primordial Binary Black Hole Mergers}},
	Volume = {117},
	Year = {2016},
	Bdsk-Url-1 = {https://doi.org/10.1103/PhysRevLett.117.201102}}

@article{Clesse:2016ajp,
	Archiveprefix = {arXiv},
	Author = {Clesse, Sebastien and Garc{\'\i}a-Bellido, Juan},
	Eprint = {1610.08479},
	Primaryclass = {astro-ph.CO},
	Reportnumber = {TTK-16-42, IFT-UAM-CSIC-16-098},
	Slaccitation = {%%CITATION = ARXIV:1610.08479;%%},
	Title = {{Detecting the gravitational wave background from primordial black hole dark matter}},
	Year = {2016}}

@article{Tan:2016zwf,
	Archiveprefix = {arXiv},
	Author = {Tan, Andi and others},
	Collaboration = {PandaX-II},
	Doi = {10.1103/PhysRevLett.117.121303},
	Eprint = {1607.07400},
	Journal = {Phys. Rev. Lett.},
	Number = {12},
	Pages = {121303},
	Primaryclass = {hep-ex},
	Slaccitation = {%%CITATION = ARXIV:1607.07400;%%},
	Title = {{Dark Matter Results from First 98.7 Days of Data from the PandaX-II Experiment}},
	Volume = {117},
	Year = {2016},
	Bdsk-Url-1 = {https://doi.org/10.1103/PhysRevLett.117.121303}}

@article{Accardo:2014lma,
	Author = {Accardo, L. and others},
	Collaboration = {AMS},
	Doi = {10.1103/PhysRevLett.113.121101},
	Journal = {Phys. Rev. Lett.},
	Pages = {121101},
	Slaccitation = {%%CITATION = PRLTA,113,121101;%%},
	Title = {{High Statistics Measurement of the Positron Fraction in Primary Cosmic Rays of 0.5--500 GeV with the Alpha Magnetic Spectrometer on the International Space Station}},
	Volume = {113},
	Year = {2014},
	Bdsk-Url-1 = {https://doi.org/10.1103/PhysRevLett.113.121101}}

@article{FermiLAT:2011ab,
	Archiveprefix = {arXiv},
	Author = {Ackermann, M. and others},
	Collaboration = {Fermi-LAT},
	Doi = {10.1103/PhysRevLett.108.011103},
	Eprint = {1109.0521},
	Journal = {Phys. Rev. Lett.},
	Pages = {011103},
	Primaryclass = {astro-ph.HE},
	Slaccitation = {%%CITATION = ARXIV:1109.0521;%%},
	Title = {{Measurement of separate cosmic-ray electron and positron spectra with the Fermi Large Area Telescope}},
	Volume = {108},
	Year = {2012},
	Bdsk-Url-1 = {https://doi.org/10.1103/PhysRevLett.108.011103}}

@article{Ioka:1998nz,
	Archiveprefix = {arXiv},
	Author = {Ioka, Kunihito and Chiba, Takeshi and Tanaka, Takahiro and Nakamura, Takashi},
	Doi = {10.1103/PhysRevD.58.063003},
	Eprint = {astro-ph/9807018},
	Journal = {Phys. Rev.},
	Pages = {063003},
	Primaryclass = {astro-ph},
	Reportnumber = {KUNS-1493, YITP-98-13},
	Slaccitation = {%%CITATION = ASTRO-PH/9807018;%%},
	Title = {{Black hole binary formation in the expanding universe: Three body problem approximation}},
	Volume = {D58},
	Year = {1998},
	Bdsk-Url-1 = {https://doi.org/10.1103/PhysRevD.58.063003}}

@article{Allen:1997ad,
	Archiveprefix = {arXiv},
	Author = {Allen, Bruce and Romano, Joseph D.},
	Doi = {10.1103/PhysRevD.59.102001},
	Eprint = {gr-qc/9710117},
	Journal = {Phys. Rev.},
	Pages = {102001},
	Primaryclass = {gr-qc},
	Reportnumber = {WISC-MILW-97-TH-14},
	Slaccitation = {%%CITATION = GR-QC/9710117;%%},
	Title = {{Detecting a stochastic background of gravitational radiation: Signal processing strategies and sensitivities}},
	Volume = {D59},
	Year = {1999},
	Bdsk-Url-1 = {https://doi.org/10.1103/PhysRevD.59.102001}}


@article{Callister:2016ewt,
	Archiveprefix = {arXiv},
	Author = {Callister, Thomas and Sammut, Letizia and Qiu, Shi and Mandel, Ilya and Thrane, Eric},
	Doi = {10.1103/PhysRevX.6.031018},
	Eprint = {1604.02513},
	Journal = {Phys. Rev.},
	Number = {3},
	Pages = {031018},
	Primaryclass = {gr-qc},
	Slaccitation = {%%CITATION = ARXIV:1604.02513;%%},
	Title = {{The limits of astrophysics with gravitational-wave backgrounds}},
	Volume = {X6},
	Year = {2016},
	Bdsk-Url-1 = {https://doi.org/10.1103/PhysRevX.6.031018}}

@article{Novati:2013fxa,
	Archiveprefix = {arXiv},
	Author = {Calchi Novati, S. and Mirzoyan, S. and Jetzer, Ph. and Scarpetta, G.},
	Doi = {10.1093/mnras/stt1402},
	Eprint = {1308.4281},
	Journal = {Mon. Not. Roy. Astron. Soc.},
	Pages = {1582},
	Primaryclass = {astro-ph.GA},
	Slaccitation = {%%CITATION = ARXIV:1308.4281;%%},
	Title = {{Microlensing towards the SMC: a new analysis of OGLE and EROS results}},
	Volume = {435},
	Year = {2013},
	Bdsk-Url-1 = {https://doi.org/10.1093/mnras/stt1402}}

@article{Mediavilla:2009um,
	Archiveprefix = {arXiv},
	Author = {Mediavilla, E. and Munoz, J. A. and Falco, E. and Motta, V. and Guerras, E. and Canovas, H. and Jean, C. and Oscoz, A. and Mosquera, A. M.},
	Doi = {10.1088/0004-637X/706/2/1451},
	Eprint = {0910.3645},
	Journal = {Astrophys. J.},
	Pages = {1451-1462},
	Primaryclass = {astro-ph.CO},
	Slaccitation = {%%CITATION = ARXIV:0910.3645;%%},
	Title = {{Microlensing-Based Estimate of the Mass Fraction in Compact Objects in Lens}},
	Volume = {706},
	Year = {2009},
	Bdsk-Url-1 = {https://doi.org/10.1088/0004-637X/706/2/1451}}

@article{Ricotti:2007au,
	Archiveprefix = {arXiv},
	Author = {Ricotti, Massimo and Ostriker, Jeremiah P. and Mack, Katherine J.},
	Doi = {10.1086/587831},
	Eprint = {0709.0524},
	Journal = {Astrophys. J.},
	Pages = {829},
	Primaryclass = {astro-ph},
	Slaccitation = {%%CITATION = ARXIV:0709.0524;%%},
	Title = {{Effect of Primordial Black Holes on the Cosmic Microwave Background and Cosmological Parameter Estimates}},
	Volume = {680},
	Year = {2008},
	Bdsk-Url-1 = {https://doi.org/10.1086/587831}}

@article{Schutz:2016khr,
	Archiveprefix = {arXiv},
	Author = {Schutz, Katelin and Liu, Adrian},
	Eprint = {1610.04234},
	Primaryclass = {astro-ph.CO},
	Slaccitation = {%%CITATION = ARXIV:1610.04234;%%},
	Title = {{Pulsar timing can constrain primordial black holes in the LIGO mass window}},
	Year = {2016}}

@article{PhysRevD.95.024038,
	Author = {Huerta, E. A. and Kumar, Prayush and Agarwal, Bhanu and George, Daniel and Schive, Hsi-Yu and Pfeiffer, Harald P. and Haas, Roland and Ren, Wei and Chu, Tony and Boyle, Michael and Hemberger, Daniel A. and Kidder, Lawrence E. and Scheel, Mark A. and Szilagyi, Bela},
	Doi = {10.1103/PhysRevD.95.024038},
	Issue = {2},
	Journal = {Phys. Rev. D},
	Month = {Jan},
	Numpages = {29},
	Pages = {024038},
	Publisher = {American Physical Society},
	Title = {Complete waveform model for compact binaries on eccentric orbits},
	Url = {https://link.aps.org/doi/10.1103/PhysRevD.95.024038},
	Volume = {95},
	Year = {2017},
	Bdsk-Url-1 = {https://link.aps.org/doi/10.1103/PhysRevD.95.024038},
	Bdsk-Url-2 = {https://doi.org/10.1103/PhysRevD.95.024038}}

@article{Hawking:1987bn,
	Author = {Hawking, S. W.},
	Doi = {10.1016/0370-2693(89)90206-2},
	Journal = {Phys. Lett.},
	Pages = {237-239},
	Reportnumber = {Print-88-0310 (CAMBRIDGE)},
	Slaccitation = {%%CITATION = PHLTA,B231,237;%%},
	Title = {{Black Holes From Cosmic Strings}},
	Volume = {B231},
	Year = {1989},
	Bdsk-Url-1 = {https://doi.org/10.1016/0370-2693(89)90206-2}}

@article{Kawasaki:2012wr,
	Archiveprefix = {arXiv},
	Author = {Kawasaki, Masahiro and Kitajima, Naoya and Yanagida, Tsutomu T.},
	Doi = {10.1103/PhysRevD.87.063519},
	Eprint = {1207.2550},
	Journal = {Phys. Rev.},
	Number = {6},
	Pages = {063519},
	Primaryclass = {hep-ph},
	Reportnumber = {ICRR-REPORT-616-2012-5, IPMU-12-0116},
	Slaccitation = {%%CITATION = ARXIV:1207.2550;%%},
	Title = {{Primordial black hole formation from an axionlike curvaton model}},
	Volume = {D87},
	Year = {2013},
	Bdsk-Url-1 = {https://doi.org/10.1103/PhysRevD.87.063519}}

@article{Jedamzik:1999am,
	Archiveprefix = {arXiv},
	Author = {Jedamzik, K. and Niemeyer, Jens C.},
	Doi = {10.1103/PhysRevD.59.124014},
	Eprint = {astro-ph/9901293},
	Journal = {Phys. Rev.},
	Pages = {124014},
	Primaryclass = {astro-ph},
	Slaccitation = {%%CITATION = ASTRO-PH/9901293;%%},
	Title = {{Primordial black hole formation during first order phase transitions}},
	Volume = {D59},
	Year = {1999},
	Bdsk-Url-1 = {https://doi.org/10.1103/PhysRevD.59.124014}}

@article{Kodama:1982sf,
	Author = {Kodama, Hideo and Sasaki, Misao and Sato, Katsuhiko},
	Doi = {10.1143/PTP.68.1979},
	Journal = {Prog. Theor. Phys.},
	Pages = {1979},
	Reportnumber = {KUNS 642},
	Slaccitation = {%%CITATION = PTPKA,68,1979;%%},
	Title = {{Abundance of Primordial Holes Produced by Cosmological First Order Phase Transition}},
	Volume = {68},
	Year = {1982},
	Bdsk-Url-1 = {https://doi.org/10.1143/PTP.68.1979}}

@article{Khlopov:2000js,
	Author = {Khlopov, M. {\relax Yu}. and Konoplich, R. V. and Rubin, S. G. and Sakharov, A. S.},
	Journal = {Grav. Cosmol.},
	Pages = {153-156},
	Slaccitation = {%%CITATION = GRCOF,6,153;%%},
	Title = {{First-order phase transitions as a source of black holes in the early universe}},
	Volume = {6},
	Year = {2000}}

@article{Feng:2010gw,
	Archiveprefix = {arXiv},
	Author = {Feng, Jonathan L.},
	Doi = {10.1146/annurev-astro-082708-101659},
	Eprint = {1003.0904},
	Journal = {Ann. Rev. Astron. Astrophys.},
	Pages = {495-545},
	Primaryclass = {astro-ph.CO},
	Reportnumber = {UCI-TR-2009-13},
	Slaccitation = {%%CITATION = ARXIV:1003.0904;%%},
	Title = {{Dark Matter Candidates from Particle Physics and Methods of Detection}},
	Volume = {48},
	Year = {2010},
	Bdsk-Url-1 = {https://doi.org/10.1146/annurev-astro-082708-101659}}

@article{GWTC1-testingGR,
      author         = "Abbott, B. P. and others",
      title          = "{Tests of General Relativity with the Binary Black Hole
                        Signals from the LIGO-Virgo Catalog GWTC-1}",
      collaboration  = "LIGO Scientific, Virgo",
      year           = "2019",
      eprint         = "1903.04467",
      archivePrefix  = "arXiv",
      primaryClass   = "gr-qc",
      reportNumber   = "LIGO-P1800316",
      SLACcitation   = "%%CITATION = ARXIV:1903.04467;%%"
}

@article{Kovetz:2016kpi,
      author         = "Kovetz, Ely D. and Cholis, Ilias and Breysse, Patrick C.
                        and Kamionkowski, Marc",
      title          = "{Black hole mass function from gravitational wave
                        measurements}",
      journal        = "Phys. Rev.",
      volume         = "D95",
      year           = "2017",
      number         = "10",
      pages          = "103010",
      doi            = "10.1103/PhysRevD.95.103010",
      eprint         = "1611.01157",
      archivePrefix  = "arXiv",
      primaryClass   = "astro-ph.CO",
      SLACcitation   = "%%CITATION = ARXIV:1611.01157;%%"
}

@article{Fishbach:2017zga,
      author         = "Fishbach, Maya and Holz, Daniel E.",
      title          = "{Where Are LIGO’s Big Black Holes?}",
      journal        = "Astrophys. J.",
      volume         = "851",
      year           = "2017",
      number         = "2",
      pages          = "L25",
      doi            = "10.3847/2041-8213/aa9bf6",
      eprint         = "1709.08584",
      archivePrefix  = "arXiv",
      primaryClass   = "astro-ph.HE",
      SLACcitation   = "%%CITATION = ARXIV:1709.08584;%%"
}

@article{salpeter1955luminosity,
  title={The luminosity function and stellar evolution.},
  author={Salpeter, Edwin E},
  journal={The Astrophysical Journal},
  volume={121},
  pages={161},
  year={1955}
}

@article{Farr:2017uvj,
      author         = "Farr, Will M. and Stevenson, Simon and Coleman Miller, M.
                        and Mandel, Ilya and Farr, Ben and Vecchio, Alberto",
      title          = "{Distinguishing Spin-Aligned and Isotropic Black Hole
                        Populations With Gravitational Waves}",
      journal        = "Nature",
      volume         = "548",
      year           = "2017",
      pages          = "426",
      doi            = "10.1038/nature23453",
      eprint         = "1706.01385",
      archivePrefix  = "arXiv",
      primaryClass   = "astro-ph.HE",
      reportNumber   = "LIGO-P1700067",
      SLACcitation   = "%%CITATION = ARXIV:1706.01385;%%"
}

@article{Farr:2017gtv,
      author         = "Farr, Ben and Holz, Daniel E. and Farr, Will M.",
      title          = "{Using Spin to Understand the Formation of LIGO and
                        Virgo’s Black Holes}",
      journal        = "Astrophys. J.",
      volume         = "854",
      year           = "2018",
      number         = "1",
      pages          = "L9",
      doi            = "10.3847/2041-8213/aaaa64",
      eprint         = "1709.07896",
      archivePrefix  = "arXiv",
      primaryClass   = "astro-ph.HE",
      SLACcitation   = "%%CITATION = ARXIV:1709.07896;%%"
}

@article{Wysocki:2018mpo,
      author         = "Wysocki, Daniel and Lange, Jacob and O'Shaughnessy,
                        Richard",
      title          = "{Reconstructing phenomenological distributions of compact
                        binaries via gravitational wave observations}",
      journal        = "Phys. Rev.",
      volume         = "D100",
      year           = "2019",
      number         = "4",
      pages          = "043012",
      doi            = "10.1103/PhysRevD.100.043012",
      eprint         = "1805.06442",
      archivePrefix  = "arXiv",
      primaryClass   = "gr-qc",
      reportNumber   = "LIGO P1800107, LIGO-P1800107",
      SLACcitation   = "%%CITATION = ARXIV:1805.06442;%%"
}

@article{Talbot:2018cva,
      author         = "Talbot, Colm and Thrane, Eric",
      title          = "{Measuring the binary black hole mass spectrum with an
                        astrophysically motivated parameterization}",
      journal        = "Astrophys. J.",
      volume         = "856",
      year           = "2018",
      number         = "2",
      pages          = "173",
      doi            = "10.3847/1538-4357/aab34c",
      eprint         = "1801.02699",
      archivePrefix  = "arXiv",
      primaryClass   = "astro-ph.HE",
      SLACcitation   = "%%CITATION = ARXIV:1801.02699;%%"
}


@article{Mikoczi:2015ewa,
	Author = {Mik\'oczi, Bal\'azs and Forg\'acs, P\'eter and Vas\'uth, M\'aty\'as},
	Doi = {10.1103/PhysRevD.92.044038},
	Issue = {4},
	Journal = {Phys. Rev. D},
	Month = {Aug},
	Numpages = {15},
	Pages = {044038},
	Publisher = {American Physical Society},
	Title = {First order post-Newtonian gravitational waveforms of binaries on eccentric orbits with Hansen coefficients},
	Url = {https://link.aps.org/doi/10.1103/PhysRevD.92.044038},
	Volume = {92},
	Year = {2015},
	Bdsk-Url-1 = {https://link.aps.org/doi/10.1103/PhysRevD.92.044038},
	Bdsk-Url-2 = {https://doi.org/10.1103/PhysRevD.92.044038}}

@article{Tanay:2016zog,
	Archiveprefix = {arXiv},
	Author = {Tanay, Sashwat and Haney, Maria and Gopakumar, Achamveedu},
	Doi = {10.1103/PhysRevD.93.064031},
	Eprint = {1602.03081},
	Journal = {Phys. Rev.},
	Number = {6},
	Pages = {064031},
	Primaryclass = {gr-qc},
	Slaccitation = {%%CITATION = ARXIV:1602.03081;%%},
	Title = {{Frequency and time domain inspiral templates for comparable mass compact binaries in eccentric orbits}},
	Volume = {D93},
	Year = {2016},
	Bdsk-Url-1 = {https://doi.org/10.1103/PhysRevD.93.064031}}

@article{Mishra:2015bqa,
	Archiveprefix = {arXiv},
	Author = {Mishra, Chandra Kant and Arun, K. G. and Iyer, Bala R.},
	Doi = {10.1103/PhysRevD.91.084040},
	Eprint = {1501.07096},
	Journal = {Phys. Rev.},
	Number = {8},
	Pages = {084040},
	Primaryclass = {gr-qc},
	Slaccitation = {%%CITATION = ARXIV:1501.07096;%%},
	Title = {{Third post-Newtonian gravitational waveforms for compact binary systems in general orbits: Instantaneous terms}},
	Volume = {D91},
	Year = {2015},
	Bdsk-Url-1 = {https://doi.org/10.1103/PhysRevD.91.084040}}

@article{PhysRevD.90.084016,
	Author = {Huerta, E. A. and Kumar, Prayush and McWilliams, Sean T. and O'Shaughnessy, Richard and Yunes, Nicol\'as},
	Doi = {10.1103/PhysRevD.90.084016},
	Issue = {8},
	Journal = {Phys. Rev. D},
	Month = {Oct},
	Numpages = {18},
	Pages = {084016},
	Publisher = {American Physical Society},
	Title = {Accurate and efficient waveforms for compact binaries on eccentric orbits},
	Url = {https://link.aps.org/doi/10.1103/PhysRevD.90.084016},
	Volume = {90},
	Year = {2014},
	Bdsk-Url-1 = {https://link.aps.org/doi/10.1103/PhysRevD.90.084016},
	Bdsk-Url-2 = {https://doi.org/10.1103/PhysRevD.90.084016}}

@article{Harry:2006fi,
	Author = {Harry, G. M. and Fritschel, P. and Shaddock, D. A. and Folkner, W. and Phinney, E. S.},
	Doi = {10.1088/0264-9381/23/24/C01, 10.1088/0264-9381/23/15/008},
	Journal = {Class. Quant. Grav.},
	Note = {[Erratum: Class. Quant. Grav.23,7361(2006)]},
	Pages = {4887-4894},
	Slaccitation = {%%CITATION = CQGRD,23,4887;%%},
	Title = {{Laser interferometry for the big bang observer}},
	Volume = {23},
	Year = {2006},
	Bdsk-Url-1 = {https://doi.org/10.1088/0264-9381/23/24/C01,%2010.1088/0264-9381/23/15/008}}

@article{Kawamura:2006up,
	Author = {Kawamura, S. and others},
	Booktitle = {{Gravitational waves. Proceedings, 6th Edoardo Amaldi Conference, Amaldi6, Bankoku Shinryoukan, June 20-24, 2005}},
	Doi = {10.1088/0264-9381/23/8/S17},
	Journal = {Class. Quant. Grav.},
	Pages = {S125-S132},
	Slaccitation = {%%CITATION = CQGRD,23,S125;%%},
	Title = {{The Japanese space gravitational wave antenna DECIGO}},
	Volume = {23},
	Year = {2006},
	Bdsk-Url-1 = {https://doi.org/10.1088/0264-9381/23/8/S17}}

@article{Heinzel:2014ets,
	Author = {Heinzel, Gerhard and Danzmann, Karsten},
	Booktitle = {{Proceedings, Relativity and Gravitation: Perspectives 100 years after Einstein's stay in Prague: Prague, Czech Republic, June 25-29, 2012}},
	Doi = {10.1007/978-3-319-06349-2_22},
	Journal = {Fundam. Theor. Phys.},
	Pages = {477-481},
	Slaccitation = {%%CITATION = FTPHD,177,477;%%},
	Title = {{LISA in 2012 and Beyond: 20 Years After the First Proposal}},
	Volume = {177},
	Year = {2014},
	Bdsk-Url-1 = {https://doi.org/10.1007/978-3-319-06349-2_22}}

@article{Bouchet:2011ck,
	Archiveprefix = {arXiv},
	Author = {Bouchet, F. R. and others},
	Collaboration = {COrE},
	Eprint = {1102.2181},
	Primaryclass = {astro-ph.CO},
	Slaccitation = {%%CITATION = ARXIV:1102.2181;%%},
	Title = {{COrE (Cosmic Origins Explorer) A White Paper}},
	Year = {2011}}

@article{Matsumura:2013aja,
	Archiveprefix = {arXiv},
	Author = {Matsumura, T. and others},
	Doi = {10.1007/s10909-013-0996-1},
	Eprint = {1311.2847},
	Note = {[J. Low. Temp. Phys.176,733(2014)]},
	Primaryclass = {astro-ph.IM},
	Slaccitation = {%%CITATION = ARXIV:1311.2847;%%},
	Title = {{Mission design of LiteBIRD}},
	Year = {2013},
	Bdsk-Url-1 = {https://doi.org/10.1007/s10909-013-0996-1}}

@article{TheLIGOScientific:2016dpb,
	Archiveprefix = {arXiv},
	Author = {Abbott, Benjamin P. and others},
	Collaboration = {Virgo, LIGO Scientific},
	Doi = {10.1103/PhysRevLett.118.121101},
	Eprint = {1612.02029},
	Journal = {Phys. Rev. Lett.},
	Number = {12},
	Pages = {121101},
	Primaryclass = {gr-qc},
	Slaccitation = {%%CITATION = ARXIV:1612.02029;%%},
	Title = {{Upper Limits on the Stochastic Gravitational-Wave Background from Advanced LIGO's First Observing Run}},
	Volume = {118},
	Year = {2017},
	Bdsk-Url-1 = {https://doi.org/10.1103/PhysRevLett.118.121101}}

@article{Brandt:2016aco,
	Archiveprefix = {arXiv},
	Author = {Brandt, Timothy D.},
	Doi = {10.3847/2041-8205/824/2/L31},
	Eprint = {1605.03665},
	Journal = {Astrophys. J.},
	Number = {2},
	Pages = {L31},
	Primaryclass = {astro-ph.GA},
	Slaccitation = {%%CITATION = ARXIV:1605.03665;%%},
	Title = {{Constraints on MACHO Dark Matter from Compact Stellar Systems in Ultra-Faint Dwarf Galaxies}},
	Volume = {824},
	Year = {2016},
	Bdsk-Url-1 = {https://doi.org/10.3847/2041-8205/824/2/L31}}

@article{Koushiappas:2017chw,
	Archiveprefix = {arXiv},
	Author = {Koushiappas, Savvas M. and Loeb, Abraham},
	Doi = {10.1103/PhysRevLett.119.041102},
	Eprint = {1704.01668},
	Journal = {Phys. Rev. Lett.},
	Number = {4},
	Pages = {041102},
	Primaryclass = {astro-ph.GA},
	Slaccitation = {%%CITATION = ARXIV:1704.01668;%%},
	Title = {{Dynamics of Dwarf Galaxies Disfavor Stellar-Mass Black Holes as Dark Matter}},
	Volume = {119},
	Year = {2017},
	Bdsk-Url-1 = {https://doi.org/10.1103/PhysRevLett.119.041102}}

@article{PhysRevLett.118.221101,
	Author = {Abbott, B. P. and Abbott, R. and Abbott, T. D. and Acernese, F. and Ackley, K. and Adams, C. and Adams, T. and Addesso, P. and Adhikari, R. X. and Adya, V. B. and Affeldt, C. and Afrough, M. and Agarwal},
	Collaboration = {LIGO Scientific and Virgo Collaboration},
	Doi = {10.1103/PhysRevLett.118.221101},
	Issue = {22},
	Journal = {Phys. Rev. Lett.},
	Month = {Jun},
	Numpages = {17},
	Pages = {221101},
	Publisher = {American Physical Society},
	Title = {GW170104: Observation of a 50-Solar-Mass Binary Black Hole Coalescence at Redshift 0.2},
	Url = {https://link.aps.org/doi/10.1103/PhysRevLett.118.221101},
	Volume = {118},
	Year = {2017},
	Bdsk-Url-1 = {https://link.aps.org/doi/10.1103/PhysRevLett.118.221101},
	Bdsk-Url-2 = {https://doi.org/10.1103/PhysRevLett.118.221101}}

@article{PhysRevLett.119.141101,
	Author = {Abbott, B. P. and Abbott, R. and Abbott},
	Collaboration = {LIGO Scientific Collaboration and Virgo Collaboration},
	Doi = {10.1103/PhysRevLett.119.141101},
	Issue = {14},
	Journal = {Phys. Rev. Lett.},
	Month = {Oct},
	Numpages = {16},
	Pages = {141101},
	Publisher = {American Physical Society},
	Title = {GW170814: A Three-Detector Observation of Gravitational Waves from a Binary Black Hole Coalescence},
	Url = {https://link.aps.org/doi/10.1103/PhysRevLett.119.141101},
	Volume = {119},
	Year = {2017},
	Bdsk-Url-1 = {https://link.aps.org/doi/10.1103/PhysRevLett.119.141101},
	Bdsk-Url-2 = {https://doi.org/10.1103/PhysRevLett.119.141101}}

@article{Abbott:2017gyy,
	Archiveprefix = {arXiv},
	Author = {Abbott, B. P. and others},
	Collaboration = {Virgo, LIGO Scientific},
	Eprint = {1711.05578},
	Primaryclass = {astro-ph.HE},
	Reportnumber = {LIGO-DOCUMENT-P170608-V8},
	Slaccitation = {%%CITATION = ARXIV:1711.05578;%%},
	Title = {{GW170608: Observation of a 19-solar-mass Binary Black Hole Coalescence}},
	Year = {2017}}

@article{Ali-Haimoud:2017rtz,
	Archiveprefix = {arXiv},
	Author = {Ali-Ha{\"\i}moud, Yacine and Kovetz, Ely D. and Kamionkowski, Marc},
	Eprint = {1709.06576},
	Primaryclass = {astro-ph.CO},
	Slaccitation = {%%CITATION = ARXIV:1709.06576;%%},
	Title = {{The merger rate of primordial-black-hole binaries}},
	Year = {2017}}

@article{Hayasaki:2009ug,
	Archiveprefix = {arXiv},
	Author = {Hayasaki, Kimitake and Takahashi, Keitaro and Sendouda, Yuuiti and Nagataki, Shigehiro},
	Doi = {10.1093/pasj/psw065},
	Eprint = {0909.1738},
	Journal = {Publ. Astron. Soc. Jap.},
	Number = {4},
	Pages = {66},
	Primaryclass = {astro-ph.CO},
	Slaccitation = {%%CITATION = ARXIV:0909.1738;%%},
	Title = {{Rapid merger of binary primordial black holes: An implication for GW150914}},
	Volume = {68},
	Year = {2016},
	Bdsk-Url-1 = {https://doi.org/10.1093/pasj/psw065}}

@article{MIPRE,
	Author = {Kraskov, Alexander and St\"ogbauer, Harald and Grassberger, Peter},
	Doi = {10.1103/PhysRevE.69.066138},
	Issue = {6},
	Journal = {Phys. Rev. E},
	Month = {Jun},
	Numpages = {16},
	Pages = {066138},
	Publisher = {American Physical Society},
	Title = {Estimating mutual information},
	Url = {https://link.aps.org/doi/10.1103/PhysRevE.69.066138},
	Volume = {69},
	Year = {2004},
	Bdsk-Url-1 = {https://link.aps.org/doi/10.1103/PhysRevE.69.066138},
	Bdsk-Url-2 = {https://doi.org/10.1103/PhysRevE.69.066138}}

@article{IMRNRTidal,
      author         = "Dietrich, Tim and Bernuzzi, Sebastiano and Tichy,
                        Wolfgang",
      title          = "{Closed-form tidal approximants for binary neutron star
                        gravitational waveforms constructed from high-resolution
                        numerical relativity simulations}",
      journal        = "Phys. Rev.",
      volume         = "D96",
      year           = "2017",
      number         = "12",
      pages          = "121501",
      doi            = "10.1103/PhysRevD.96.121501",
      eprint         = "1706.02969",
      archivePrefix  = "arXiv",
      primaryClass   = "gr-qc",
      SLACcitation   = "%%CITATION = ARXIV:1706.02969;%%"
}

@article{IMRPhenomPv2,
	Archiveprefix = {arXiv},
	Author = {Hannam, Mark and Schmidt, Patricia and Boh{\'e}, Alejandro and Haegel, Le{\"\i}la and Husa, Sascha and Ohme, Frank and Pratten, Geraint and P{\"u}rrer, Michael},
	Doi = {10.1103/PhysRevLett.113.151101},
	Eprint = {1308.3271},
	Journal = {Phys. Rev. Lett.},
	Number = {15},
	Pages = {151101},
	Primaryclass = {gr-qc},
	Slaccitation = {%%CITATION = ARXIV:1308.3271;%%},
	Title = {{Simple Model of Complete Precessing Black-Hole-Binary Gravitational Waveforms}},
	Volume = {113},
	Year = {2014},
	Bdsk-Url-1 = {https://doi.org/10.1103/PhysRevLett.113.151101}}

@article{IMRPhenomD2,
	Archiveprefix = {arXiv},
	Author = {Khan, Sebastian and Husa, Sascha and Hannam, Mark and Ohme, Frank and P{\"u}rrer, Michael and Jim{\'e}nez Forteza, Xisco and Boh{\'e}, Alejandro},
	Doi = {10.1103/PhysRevD.93.044007},
	Eprint = {1508.07253},
	Journal = {Phys. Rev.},
	Number = {4},
	Pages = {044007},
	Primaryclass = {gr-qc},
	Slaccitation = {%%CITATION = ARXIV:1508.07253;%%},
	Title = {{Frequency-domain gravitational waves from nonprecessing black-hole binaries. II. A phenomenological model for the advanced detector era}},
	Volume = {D93},
	Year = {2016},
	Bdsk-Url-1 = {https://doi.org/10.1103/PhysRevD.93.044007}}

@article{IMRPhenomD1,
	Archiveprefix = {arXiv},
	Author = {Husa, Sascha and Khan, Sebastian and Hannam, Mark and P{\"u}rrer, Michael and Ohme, Frank and Jim{\'e}nez Forteza, Xisco and Boh{\'e}, Alejandro},
	Doi = {10.1103/PhysRevD.93.044006},
	Eprint = {1508.07250},
	Journal = {Phys. Rev.},
	Number = {4},
	Pages = {044006},
	Primaryclass = {gr-qc},
	Slaccitation = {%%CITATION = ARXIV:1508.07250;%%},
	Title = {{Frequency-domain gravitational waves from nonprecessing black-hole binaries. I. New numerical waveforms and anatomy of the signal}},
	Volume = {D93},
	Year = {2016},
	Bdsk-Url-1 = {https://doi.org/10.1103/PhysRevD.93.044006}}

@article{Isi:2017fbj,
	Archiveprefix = {arXiv},
	Author = {Isi, Maximiliano and Weinstein, Alan J.},
	Eprint = {1710.03794},
	Primaryclass = {gr-qc},
	Reportnumber = {LIGO-P1700276},
	Slaccitation = {%%CITATION = ARXIV:1710.03794;%%},
	Title = {{Probing gravitational wave polarizations with signals from compact binary coalescences}},
	Year = {2017}}

@article{livingreviewWill,
	Archiveprefix = {arXiv},
	Author = {Will, Clifford M.},
	Doi = {10.12942/lrr-2014-4},
	Eprint = {1403.7377},
	Journal = {Living Rev. Rel.},
	Pages = {4},
	Primaryclass = {gr-qc},
	Slaccitation = {%%CITATION = ARXIV:1403.7377;%%},
	Title = {{The Confrontation between General Relativity and Experiment}},
	Volume = {17},
	Year = {2014},
	Bdsk-Url-1 = {https://doi.org/10.12942/lrr-2014-4}}

@article{livingreviewligo,
	Archiveprefix = {arXiv},
	Author = {Abbott, B. P. and others},
	Collaboration = {VIRGO, KAGRA, LIGO Scientific},
	Doi = {10.1007/s41114-018-0012-9, 10.1007/lrr-2016-1},
	Eprint = {1304.0670},
	Journal = {Living Rev. Rel.},
	Number = {1},
	Pages = {3},
	Primaryclass = {gr-qc},
	Reportnumber = {LIGO-P1200087, VIR-0288A-12},
	Slaccitation = {%%CITATION = ARXIV:1304.0670;%%},
	Title = {{Prospects for Observing and Localizing Gravitational-Wave Transients with Advanced LIGO, Advanced Virgo and KAGRA}},
	Volume = {21},
	Year = {2018},
	Bdsk-Url-1 = {https://doi.org/10.1007/s41114-018-0012-9,%2010.1007/lrr-2016-1}}

@article{directional1,
      author         = "Abbott, B. P. and others",
      title          = "{Directional limits on persistent gravitational waves
                        using data from Advanced LIGO's first two observing runs}",
      collaboration  = "LIGO Scientific, Virgo",
      journal        = "Phys. Rev.",
      volume         = "D100",
      year           = "2019",
      number         = "6",
      pages          = "062001",
      doi            = "10.1103/PhysRevD.100.062001",
      eprint         = "1903.08844",
      archivePrefix  = "arXiv",
      primaryClass   = "gr-qc",
      reportNumber   = "LIGO-P1900053",
      SLACcitation   = "%%CITATION = ARXIV:1903.08844;%%"
}

@article{directional2,
      author         = "Abbott, Benjamin P. and others",
      title          = "{Directional Limits on Persistent Gravitational Waves
                        from Advanced LIGO’s First Observing Run}",
      collaboration  = "LIGO Scientific, Virgo",
      journal        = "Phys. Rev. Lett.",
      volume         = "118",
      year           = "2017",
      number         = "12",
      pages          = "121102",
      doi            = "10.1103/PhysRevLett.118.121102",
      eprint         = "1612.02030",
      archivePrefix  = "arXiv",
      primaryClass   = "gr-qc",
      SLACcitation   = "%%CITATION = ARXIV:1612.02030;%%"
}

@article{directional3,
      author         = "Abadie, J. and others",
      title          = "{Directional limits on persistent gravitational waves
                        using LIGO S5 science data}",
      collaboration  = "LIGO Scientific",
      journal        = "Phys. Rev. Lett.",
      volume         = "107",
      year           = "2011",
      pages          = "271102",
      doi            = "10.1103/PhysRevLett.107.271102",
      eprint         = "1109.1809",
      archivePrefix  = "arXiv",
      primaryClass   = "astro-ph.CO",
      SLACcitation   = "%%CITATION = ARXIV:1109.1809;%%"
}

@article{space-ansgwb1,
      author         = "Ungarelli, Carlo and Vecchio, Alberto",
      title          = "{Studying the anisotropy of the gravitational wave
                        stochastic background with LISA}",
      journal        = "Phys. Rev.",
      volume         = "D64",
      year           = "2001",
      pages          = "121501",
      doi            = "10.1103/PhysRevD.64.121501",
      eprint         = "astro-ph/0106538",
      archivePrefix  = "arXiv",
      primaryClass   = "astro-ph",
      SLACcitation   = "%%CITATION = ASTRO-PH/0106538;%%"
}

@article{space-ansgwb2,
      author         = "Kudoh, Hideaki and Taruya, Atsushi and Hiramatsu, Takashi
                        and Himemoto, Yoshiaki",
      title          = "{Detecting a gravitational-wave background with
                        next-generation space interferometers}",
      journal        = "Phys. Rev.",
      volume         = "D73",
      year           = "2006",
      pages          = "064006",
      doi            = "10.1103/PhysRevD.73.064006",
      eprint         = "gr-qc/0511145",
      archivePrefix  = "arXiv",
      primaryClass   = "gr-qc",
      reportNumber   = "UTAP-544, RESCEU-37-05",
      SLACcitation   = "%%CITATION = GR-QC/0511145;%%"
}

@article{Pang:2018hjb,
	Archiveprefix = {arXiv},
	Author = {Pang, Peter T. H. and Calder{\'o}n Bustillo, Juan and Wang, Yifan and Li, Tjonnie G. F.},
	Doi = {10.1103/PhysRevD.98.024019},
	Eprint = {1802.03306},
	Journal = {Phys. Rev.},
	Number = {2},
	Pages = {024019},
	Primaryclass = {gr-qc},
	Slaccitation = {%%CITATION = ARXIV:1802.03306;%%},
	Title = {{Potential observations of false deviations from general relativity in gravitational wave signals from binary black holes}},
	Volume = {D98},
	Year = {2018},
	Bdsk-Url-1 = {https://doi.org/10.1103/PhysRevD.98.024019}}

@article{Agathos:2013upa,
	Archiveprefix = {arXiv},
	Author = {Agathos, Michalis and Del Pozzo, Walter and Li, Tjonnie G. F. and Van Den Broeck, Chris and Veitch, John and Vitale, Salvatore},
	Doi = {10.1103/PhysRevD.89.082001},
	Eprint = {1311.0420},
	Journal = {Phys. Rev.},
	Number = {8},
	Pages = {082001},
	Primaryclass = {gr-qc},
	Slaccitation = {%%CITATION = ARXIV:1311.0420;%%},
	Title = {{TIGER: A data analysis pipeline for testing the strong-field dynamics of general relativity with gravitational wave signals from coalescing compact binaries}},
	Volume = {D89},
	Year = {2014},
	Bdsk-Url-1 = {https://doi.org/10.1103/PhysRevD.89.082001}}

@article{GW150914testingGR,
	Archiveprefix = {arXiv},
	Author = {Abbott, B. P. and others},
	Collaboration = {Virgo, LIGO Scientific},
	Doi = {10.1103/PhysRevLett.116.221101, 10.1103/PhysRevLett.121.129902},
	Eprint = {1602.03841},
	Journal = {Phys. Rev. Lett.},
	Note = {[Erratum: Phys. Rev. Lett.121,no.12,129902(2018)]},
	Number = {22},
	Pages = {221101},
	Primaryclass = {gr-qc},
	Reportnumber = {LIGO-P1500213},
	Slaccitation = {%%CITATION = ARXIV:1602.03841;%%},
	Title = {{Tests of general relativity with GW150914}},
	Volume = {116},
	Year = {2016},
	Bdsk-Url-1 = {https://doi.org/10.1103/PhysRevLett.116.221101,%2010.1103/PhysRevLett.121.129902}}

@article{Shannon,
	Author = {Shannon, C. E.},
	Doi = {10.1002/j.1538-7305.1948.tb01338.x},
	Eprint = {https://onlinelibrary.wiley.com/doi/pdf/10.1002/j.1538-7305.1948.tb01338.x},
	Journal = {Bell System Technical Journal},
	Number = {3},
	Pages = {379-423},
	Title = {A Mathematical Theory of Communication},
	Url = {https://onlinelibrary.wiley.com/doi/abs/10.1002/j.1538-7305.1948.tb01338.x},
	Volume = {27},
	Bdsk-Url-1 = {https://onlinelibrary.wiley.com/doi/abs/10.1002/j.1538-7305.1948.tb01338.x},
	Bdsk-Url-2 = {https://doi.org/10.1002/j.1538-7305.1948.tb01338.x}}

@article{massiveg,
	Author = {Keppel, D. and Ajith, P.},
	Doi = {10.1103/PhysRevD.82.122001},
	Issue = {12},
	Journal = {Phys. Rev. D},
	Month = {Dec},
	Numpages = {9},
	Pages = {122001},
	Publisher = {American Physical Society},
	Title = {Constraining the mass of the graviton using coalescing black-hole binaries},
	Url = {https://link.aps.org/doi/10.1103/PhysRevD.82.122001},
	Volume = {82},
	Year = {2010},
	Bdsk-Url-1 = {https://link.aps.org/doi/10.1103/PhysRevD.82.122001},
	Bdsk-Url-2 = {https://doi.org/10.1103/PhysRevD.82.122001}}

@article{Li:2011cg,
	Archiveprefix = {arXiv},
	Author = {Li, T. G. F. and Del Pozzo, W. and Vitale, S. and Van Den Broeck, C. and Agathos, M. and Veitch, J. and Grover, K. and Sidery, T. and Sturani, R. and Vecchio, A.},
	Doi = {10.1103/PhysRevD.85.082003},
	Eprint = {1110.0530},
	Journal = {Phys. Rev.},
	Pages = {082003},
	Primaryclass = {gr-qc},
	Slaccitation = {%%CITATION = ARXIV:1110.0530;%%},
	Title = {{Towards a generic test of the strong field dynamics of general relativity using compact binary coalescence}},
	Volume = {D85},
	Year = {2012},
	Bdsk-Url-1 = {https://doi.org/10.1103/PhysRevD.85.082003}}

@article{Buonanno:2009zt,
	Archiveprefix = {arXiv},
	Author = {Buonanno, Alessandra and Iyer, Bala and Ochsner, Evan and Pan, Yi and Sathyaprakash, B. S.},
	Doi = {10.1103/PhysRevD.80.084043},
	Eprint = {0907.0700},
	Journal = {Phys. Rev.},
	Pages = {084043},
	Primaryclass = {gr-qc},
	Slaccitation = {%%CITATION = ARXIV:0907.0700;%%},
	Title = {{Comparison of post-Newtonian templates for compact binary inspiral signals in gravitational-wave detectors}},
	Volume = {D80},
	Year = {2009},
	Bdsk-Url-1 = {https://doi.org/10.1103/PhysRevD.80.084043}}

@article{GW150914,
	Archiveprefix = {arXiv},
	Author = {Abbott, B. P. and others},
	Collaboration = {Virgo, LIGO Scientific},
	Doi = {10.1103/PhysRevLett.116.061102},
	Eprint = {1602.03837},
	Journal = {Phys. Rev. Lett.},
	Number = {6},
	Pages = {061102},
	Primaryclass = {gr-qc},
	Reportnumber = {LIGO-P150914},
	Slaccitation = {%%CITATION = ARXIV:1602.03837;%%},
	Title = {{Observation of Gravitational Waves from a Binary Black Hole Merger}},
	Volume = {116},
	Year = {2016},
	Bdsk-Url-1 = {https://doi.org/10.1103/PhysRevLett.116.061102}}

@article{GW151226,
	Archiveprefix = {arXiv},
	Author = {Abbott, B. P. and others},
	Collaboration = {Virgo, LIGO Scientific},
	Doi = {10.1103/PhysRevLett.116.241103},
	Eprint = {1606.04855},
	Journal = {Phys. Rev. Lett.},
	Number = {24},
	Pages = {241103},
	Primaryclass = {gr-qc},
	Reportnumber = {LIGO-P151226},
	Slaccitation = {%%CITATION = ARXIV:1606.04855;%%},
	Title = {{GW151226: Observation of Gravitational Waves from a 22-Solar-Mass Binary Black Hole Coalescence}},
	Volume = {116},
	Year = {2016},
	Bdsk-Url-1 = {https://doi.org/10.1103/PhysRevLett.116.241103}}

@article{GW170104,
	Archiveprefix = {arXiv},
	Author = {Abbott, Benjamin P. and others},
	Collaboration = {VIRGO, LIGO Scientific},
	Doi = {10.1103/PhysRevLett.118.221101},
	Eprint = {1706.01812},
	Journal = {Phys. Rev. Lett.},
	Number = {22},
	Pages = {221101},
	Primaryclass = {gr-qc},
	Reportnumber = {LIGO-P170104},
	Slaccitation = {%%CITATION = ARXIV:1706.01812;%%},
	Title = {{GW170104: Observation of a 50-Solar-Mass Binary Black Hole Coalescence at Redshift 0.2}},
	Volume = {118},
	Year = {2017},
	Bdsk-Url-1 = {https://doi.org/10.1103/PhysRevLett.118.221101}}

@article{GW170814,
	Archiveprefix = {arXiv},
	Author = {Abbott, B. P. and others},
	Collaboration = {Virgo, LIGO Scientific},
	Doi = {10.1103/PhysRevLett.119.141101},
	Eprint = {1709.09660},
	Journal = {Phys. Rev. Lett.},
	Number = {14},
	Pages = {141101},
	Primaryclass = {gr-qc},
	Slaccitation = {%%CITATION = ARXIV:1709.09660;%%},
	Title = {{GW170814: A Three-Detector Observation of Gravitational Waves from a Binary Black Hole Coalescence}},
	Volume = {119},
	Year = {2017},
	Bdsk-Url-1 = {https://doi.org/10.1103/PhysRevLett.119.141101}}

@article{tgrcor,
      author         = "Isi, Maximiliano and Chatziioannou, Katerina and Farr,
                        Will M.",
      title          = "{A hierarchical test of general relativity with
                        gravitational waves}",
      year           = "2019",
      eprint         = "1904.08011",
      archivePrefix  = "arXiv",
      primaryClass   = "gr-qc",
      reportNumber   = "LIGO-P1900109",
      SLACcitation   = "%%CITATION = ARXIV:1904.08011;%%"
}


@article{BNSMOG1,
  title = {Dark Energy after GW170817 and GRB170817A},
  author = {Creminelli, Paolo and Vernizzi, Filippo},
  journal = {Phys. Rev. Lett.},
  volume = {119},
  issue = {25},
  pages = {251302},
  numpages = {6},
  year = {2017},
  month = {Dec},
  publisher = {American Physical Society},
  doi = {10.1103/PhysRevLett.119.251302},
  url = {https://link.aps.org/doi/10.1103/PhysRevLett.119.251302}
}

@article{BNSMOG2,
  title = {Implications of the Neutron Star Merger GW170817 for Cosmological Scalar-Tensor Theories},
  author = {Sakstein, Jeremy and Jain, Bhuvnesh},
  journal = {Phys. Rev. Lett.},
  volume = {119},
  issue = {25},
  pages = {251303},
  numpages = {6},
  year = {2017},
  month = {Dec},
  publisher = {American Physical Society},
  doi = {10.1103/PhysRevLett.119.251303},
  url = {https://link.aps.org/doi/10.1103/PhysRevLett.119.251303}
}

@article{BNSMOG3,
  title = {Dark Energy After GW170817: Dead Ends and the Road Ahead},
  author = {Ezquiaga, Jose Mar\'{\i}a and Zumalac\'arregui, Miguel},
  journal = {Phys. Rev. Lett.},
  volume = {119},
  issue = {25},
  pages = {251304},
  numpages = {6},
  year = {2017},
  month = {Dec},
  publisher = {American Physical Society},
  doi = {10.1103/PhysRevLett.119.251304},
  url = {https://link.aps.org/doi/10.1103/PhysRevLett.119.251304}
}

@article{BNSMOG4,
  title = {Strong Constraints on Cosmological Gravity from GW170817 and GRB 170817A},
  author = {Baker, T. and Bellini, E. and Ferreira, P. G. and Lagos, M. and Noller, J. and Sawicki, I.},
  journal = {Phys. Rev. Lett.},
  volume = {119},
  issue = {25},
  pages = {251301},
  numpages = {6},
  year = {2017},
  month = {Dec},
  publisher = {American Physical Society},
  doi = {10.1103/PhysRevLett.119.251301},
  url = {https://link.aps.org/doi/10.1103/PhysRevLett.119.251301}
}


@article{BNS-GW-GRB,
      author         = "Abbott, B. P. and others",
      title          = "{Gravitational Waves and Gamma-rays from a Binary Neutron
                        Star Merger: GW170817 and GRB 170817A}",
      collaboration  = "LIGO Scientific, Virgo, Fermi-GBM, INTEGRAL",
      journal        = "Astrophys. J.",
      volume         = "848",
      year           = "2017",
      number         = "2",
      pages          = "L13",
      doi            = "10.3847/2041-8213/aa920c",
      eprint         = "1710.05834",
      archivePrefix  = "arXiv",
      primaryClass   = "astro-ph.HE",
      reportNumber   = "LIGO-P1700308",
      SLACcitation   = "%%CITATION = ARXIV:1710.05834;%%"
}

@article{BNS-testingGR-vector,
      author         = "Baker, T. and Bellini, E. and Ferreira, P. G. and Lagos,
                        M. and Noller, J. and Sawicki, I.",
      title          = "{Strong constraints on cosmological gravity from GW170817
                        and GRB 170817A}",
      journal        = "Phys. Rev. Lett.",
      volume         = "119",
      year           = "2017",
      number         = "25",
      pages          = "251301",
      doi            = "10.1103/PhysRevLett.119.251301",
      eprint         = "1710.06394",
      archivePrefix  = "arXiv",
      primaryClass   = "astro-ph.CO",
      SLACcitation   = "%%CITATION = ARXIV:1710.06394;%%"
}

@article{BNSMultiMessenger,
      author         = "Abbott, B. P. and others",
      title          = "{Multi-messenger Observations of a Binary Neutron Star
                        Merger}",
      collaboration  = "LIGO Scientific, Virgo, Fermi GBM, INTEGRAL, IceCube,
                        AstroSat Cadmium Zinc Telluride Imager Team, IPN,
                        Insight-Hxmt, ANTARES, Swift, AGILE Team, 1M2H Team, Dark
                        Energy Camera GW-EM, DES, DLT40, GRAWITA, Fermi-LAT, ATCA,
                        ASKAP, Las Cumbres Observatory Group, OzGrav, DWF (Deeper
                        Wider Faster Program), AST3, CAASTRO, VINROUGE, MASTER,
                        J-GEM, GROWTH, JAGWAR, CaltechNRAO, TTU-NRAO, NuSTAR,
                        Pan-STARRS, MAXI Team, TZAC Consortium, KU, Nordic Optical
                        Telescope, ePESSTO, GROND, Texas Tech University, SALT
                        Group, TOROS, BOOTES, MWA, CALET, IKI-GW Follow-up,
                        H.E.S.S., LOFAR, LWA, HAWC, Pierre Auger, ALMA, Euro VLBI
                        Team, Pi of Sky, Chandra Team at McGill University, DFN,
                        ATLAS Telescopes, High Time Resolution Universe Survey,
                        RIMAS, RATIR, SKA South Africa/MeerKAT",
      journal        = "Astrophys. J.",
      volume         = "848",
      year           = "2017",
      number         = "2",
      pages          = "L12",
      doi            = "10.3847/2041-8213/aa91c9",
      eprint         = "1710.05833",
      archivePrefix  = "arXiv",
      primaryClass   = "astro-ph.HE",
      reportNumber   = "LIGO-P1700294, VIR-0802A-17, FERMILAB-PUB-17-478-A-AE-CD",
      SLACcitation   = "%%CITATION = ARXIV:1710.05833;%%"
}


@article{GW170817,
	Archiveprefix = {arXiv},
	Author = {Abbott, B. P. and others},
	Collaboration = {Virgo, LIGO Scientific},
	Doi = {10.1103/PhysRevLett.119.161101},
	Eprint = {1710.05832},
	Journal = {Phys. Rev. Lett.},
	Number = {16},
	Pages = {161101},
	Primaryclass = {gr-qc},
	Reportnumber = {LIGO-P170817},
	Slaccitation = {%%CITATION = ARXIV:1710.05832;%%},
	Title = {{GW170817: Observation of Gravitational Waves from a Binary Neutron Star Inspiral}},
	Volume = {119},
	Year = {2017},
	Bdsk-Url-1 = {https://doi.org/10.1103/PhysRevLett.119.161101}}

@article{GW170608,
	Archiveprefix = {arXiv},
	Author = {Abbott, B.. P.. and others},
	Collaboration = {Virgo, LIGO Scientific},
	Doi = {10.3847/2041-8213/aa9f0c},
	Eprint = {1711.05578},
	Journal = {Astrophys. J.},
	Number = {2},
	Pages = {L35},
	Primaryclass = {astro-ph.HE},
	Reportnumber = {LIGO-DOCUMENT-P170608-V8},
	Slaccitation = {%%CITATION = ARXIV:1711.05578;%%},
	Title = {{GW170608: Observation of a 19-solar-mass Binary Black Hole Coalescence}},
	Volume = {851},
	Year = {2017},
	Bdsk-Url-1 = {https://doi.org/10.3847/2041-8213/aa9f0c}}

@article{Will2014,
	Abstract = {The status of experimental tests of general relativity and of theoretical frameworks for analyzing them is reviewed and updated. Einstein's equivalence principle (EEP) is well supported by experiments such as the E{\"o}tv{\"o}s experiment, tests of local Lorentz invariance and clock experiments. Ongoing tests of EEP and of the inverse square law are searching for new interactions arising from unification or quantum gravity. Tests of general relativity at the post-Newtonian level have reached high precision, including the light deflection, the Shapiro time delay, the perihelion advance of Mercury, the Nordtvedt effect in lunar motion, and frame-dragging. Gravitational wave damping has been detected in an amount that agrees with general relativity to better than half a percent using the Hulse-Taylor binary pulsar, and a growing family of other binary pulsar systems is yielding new tests, especially of strong-field effects. Current and future tests of relativity will center on strong gravity and gravitational waves.},
	Author = {Will, Clifford M.},
	Day = {11},
	Doi = {10.12942/lrr-2014-4},
	Issn = {1433-8351},
	Journal = {Living Reviews in Relativity},
	Month = {Jun},
	Number = {1},
	Pages = {4},
	Title = {The Confrontation between General Relativity and Experiment},
	Url = {https://doi.org/10.12942/lrr-2014-4},
	Volume = {17},
	Year = {2014},
	Bdsk-Url-1 = {https://doi.org/10.12942/lrr-2014-4}}

@article{Zhang:2017sym,
	Archiveprefix = {arXiv},
	Author = {Zhang, Xing and Yu, Jiming and Liu, Tan and Zhao, Wen and Wang, Anzhong},
	Doi = {10.1103/PhysRevD.95.124008},
	Eprint = {1703.09853},
	Journal = {Phys. Rev.},
	Number = {12},
	Pages = {124008},
	Primaryclass = {gr-qc},
	Slaccitation = {%%CITATION = ARXIV:1703.09853;%%},
	Title = {{Testing Brans-Dicke gravity using the Einstein telescope}},
	Volume = {D95},
	Year = {2017},
	Bdsk-Url-1 = {https://doi.org/10.1103/PhysRevD.95.124008}}

@article{Will:1997bb,
	Archiveprefix = {arXiv},
	Author = {Will, Clifford M.},
	Doi = {10.1103/PhysRevD.57.2061},
	Eprint = {gr-qc/9709011},
	Journal = {Phys. Rev.},
	Pages = {2061-2068},
	Primaryclass = {gr-qc},
	Reportnumber = {WUGRAV-97-4},
	Slaccitation = {%%CITATION = GR-QC/9709011;%%},
	Title = {{Bounding the mass of the graviton using gravitational wave observations of inspiralling compact binaries}},
	Volume = {D57},
	Year = {1998},
	Bdsk-Url-1 = {https://doi.org/10.1103/PhysRevD.57.2061}}

@article{Mirshekari:2011yq,
	Archiveprefix = {arXiv},
	Author = {Mirshekari, Saeed and Yunes, Nicolas and Will, Clifford M.},
	Doi = {10.1103/PhysRevD.85.024041},
	Eprint = {1110.2720},
	Journal = {Phys. Rev.},
	Pages = {024041},
	Primaryclass = {gr-qc},
	Slaccitation = {%%CITATION = ARXIV:1110.2720;%%},
	Title = {{Constraining Generic Lorentz Violation and the Speed of the Graviton with Gravitational Waves}},
	Volume = {D85},
	Year = {2012},
	Bdsk-Url-1 = {https://doi.org/10.1103/PhysRevD.85.024041}}

@article{MBH2,
	Archiveprefix = {arXiv},
	Author = {Bandara, Kaushala and Crampton, David and Simard, Luc},
	Doi = {10.1088/0004-637X/704/2/1135},
	Eprint = {0909.0269},
	Journal = {Astrophys. J.},
	Pages = {1135-1145},
	Primaryclass = {astro-ph.GA},
	Slaccitation = {%%CITATION = ARXIV:0909.0269;%%},
	Title = {{A Relationship between Supermassive Black Hole Mass and the Total Gravitational Mass of the Host Galaxy}},
	Volume = {704},
	Year = {2009},
	Bdsk-Url-1 = {https://doi.org/10.1088/0004-637X/704/2/1135}}

@article{MBH1,
	Archiveprefix = {arXiv},
	Author = {Ferrarese, Laura},
	Doi = {10.1086/342308},
	Eprint = {astro-ph/0203469},
	Journal = {Astrophys. J.},
	Pages = {90-97},
	Primaryclass = {astro-ph},
	Slaccitation = {%%CITATION = ASTRO-PH/0203469;%%},
	Title = {{Beyond the bulge: a fundamental relation between supermassive black holes and dark matter halos}},
	Volume = {578},
	Year = {2002},
	Bdsk-Url-1 = {https://doi.org/10.1086/342308}}

@article{NFW,
	Archiveprefix = {arXiv},
	Author = {Navarro, Julio F. and Frenk, Carlos S. and White, Simon D. M.},
	Doi = {10.1086/177173},
	Eprint = {astro-ph/9508025},
	Journal = {Astrophys. J.},
	Pages = {563-575},
	Primaryclass = {astro-ph},
	Slaccitation = {%%CITATION = ASTRO-PH/9508025;%%},
	Title = {{The Structure of cold dark matter halos}},
	Volume = {462},
	Year = {1996},
	Bdsk-Url-1 = {https://doi.org/10.1086/177173}}

@article{Chen:2018rzo,
	Archiveprefix = {arXiv},
	Author = {Chen, Zu-Cheng and Huang, Fan and Huang, Qing-Guo},
	Eprint = {1809.10360},
	Primaryclass = {gr-qc},
	Slaccitation = {%%CITATION = ARXIV:1809.10360;%%},
	Title = {{Stochastic Gravitational-Wave Background from Binary Black Holes and Binary Neutron Stars}},
	Year = {2018}}

@article{SgrA,
	Archiveprefix = {arXiv},
	Author = {Kuhnel, Florian and Matas, Andrew and Starkman, Glenn D. and Freese, Katherine},
	Eprint = {1811.06387},
	Primaryclass = {gr-qc},
	Slaccitation = {%%CITATION = ARXIV:1811.06387;%%},
	Title = {{Waves from the Centre: Probing PBH and other Macroscopic Dark Matter with LISA}},
	Year = {2018}}

@article{Planck2018,
	Archiveprefix = {arXiv},
	Author = {Aghanim, N. and others},
	Collaboration = {Planck},
	Eprint = {1807.06209},
	Primaryclass = {astro-ph.CO},
	Slaccitation = {%%CITATION = ARXIV:1807.06209;%%},
	Title = {{Planck 2018 results. VI. Cosmological parameters}},
	Year = {2018}}

@article{O1,
	Archiveprefix = {arXiv},
	Author = {Abbott, B. P. and others},
	Collaboration = {Virgo, LIGO Scientific},
	Doi = {10.1103/PhysRevX.6.041015},
	Eprint = {1606.04856},
	Journal = {Phys. Rev.},
	Number = {4},
	Pages = {041015},
	Primaryclass = {gr-qc},
	Reportnumber = {LIGO-P1600088},
	Slaccitation = {%%CITATION = ARXIV:1606.04856;%%},
	Title = {{Binary Black Hole Mergers in the first Advanced LIGO Observing Run}},
	Volume = {X6},
	Year = {2016},
	Bdsk-Url-1 = {https://doi.org/10.1103/PhysRevX.6.041015}}

@article{Sasaki:2018dmp,
	Archiveprefix = {arXiv},
	Author = {Sasaki, Misao and Suyama, Teruaki and Tanaka, Takahiro and Yokoyama, Shuichiro},
	Doi = {10.1088/1361-6382/aaa7b4},
	Eprint = {1801.05235},
	Journal = {Class. Quant. Grav.},
	Number = {6},
	Pages = {063001},
	Primaryclass = {astro-ph.CO},
	Slaccitation = {%%CITATION = ARXIV:1801.05235;%%},
	Title = {{Primordial black holes---perspectives in gravitational wave astronomy}},
	Volume = {35},
	Year = {2018},
	Bdsk-Url-1 = {https://doi.org/10.1088/1361-6382/aaa7b4}}


@article{Antonini:2015sza,
	Archiveprefix = {arXiv},
	Author = {Antonini, Fabio and Barausse, Enrico and Silk, Joseph},
	Doi = {10.1088/0004-637X/812/1/72},
	Eprint = {1506.02050},
	Journal = {Astrophys. J.},
	Number = {1},
	Pages = {72},
	Primaryclass = {astro-ph.GA},
	Slaccitation = {%%CITATION = ARXIV:1506.02050;%%},
	Title = {{The Coevolution of Nuclear Star Clusters, Massive Black Holes, and their Host Galaxies}},
	Volume = {812},
	Year = {2015},
	Bdsk-Url-1 = {https://doi.org/10.1088/0004-637X/812/1/72}}

@article{Antonini:2015cqa,
	Archiveprefix = {arXiv},
	Author = {Antonini, Fabio and Barausse, Enrico and Silk, Joseph},
	Doi = {10.1088/2041-8205/806/1/L8},
	Eprint = {1504.04033},
	Journal = {Astrophys. J.},
	Pages = {L8},
	Primaryclass = {astro-ph.GA},
	Slaccitation = {%%CITATION = ARXIV:1504.04033;%%},
	Title = {{The imprint of massive black-hole mergers on the correlation between nuclear star clusters and their host galaxies}},
	Volume = {806},
	Year = {2015},
	Bdsk-Url-1 = {https://doi.org/10.1088/2041-8205/806/1/L8}}

@article{Sesana:2014bea,
	Archiveprefix = {arXiv},
	Author = {Sesana, A. and Barausse, E. and Dotti, M. and Rossi, E. M.},
	Doi = {10.1088/0004-637X/794/2/104},
	Eprint = {1402.7088},
	Journal = {Astrophys. J.},
	Pages = {104},
	Primaryclass = {astro-ph.CO},
	Slaccitation = {%%CITATION = ARXIV:1402.7088;%%},
	Title = {{Linking the spin evolution of massive black holes to galaxy kinematics}},
	Volume = {794},
	Year = {2014},
	Bdsk-Url-1 = {https://doi.org/10.1088/0004-637X/794/2/104}}

@article{Barausse:2012fy,
	Archiveprefix = {arXiv},
	Author = {Barausse, Enrico},
	Doi = {10.1111/j.1365-2966.2012.21057.x},
	Eprint = {1201.5888},
	Journal = {Mon. Not. Roy. Astron. Soc.},
	Pages = {2533-2557},
	Primaryclass = {astro-ph.CO},
	Slaccitation = {%%CITATION = ARXIV:1201.5888;%%},
	Title = {{The evolution of massive black holes and their spins in their galactic hosts}},
	Volume = {423},
	Year = {2012},
	Bdsk-Url-1 = {https://doi.org/10.1111/j.1365-2966.2012.21057.x}}

@article{Ade:2015xua,
	Archiveprefix = {arXiv},
	Author = {Ade, P. A. R. and others},
	Collaboration = {Planck},
	Doi = {10.1051/0004-6361/201525830},
	Eprint = {1502.01589},
	Journal = {Astron. Astrophys.},
	Pages = {A13},
	Primaryclass = {astro-ph.CO},
	Slaccitation = {%%CITATION = ARXIV:1502.01589;%%},
	Title = {{Planck 2015 results. XIII. Cosmological parameters}},
	Volume = {594},
	Year = {2016},
	Bdsk-Url-1 = {https://doi.org/10.1051/0004-6361/201525830}}

@article{Murray:2013qza,
	Archiveprefix = {arXiv},
	Author = {Murray, Steven and Power, Chris and Robotham, Aaron},
	Eprint = {1306.6721},
	Primaryclass = {astro-ph.CO},
	Slaccitation = {%%CITATION = ARXIV:1306.6721;%%},
	Title = {{HMFcalc: An Online Tool for Calculating Dark Matter Halo Mass Functions}},
	Year = {2013}}

@article{McClintock:2003gx,
	Archiveprefix = {arXiv},
	Author = {McClintock, Jeffrey.E. and Remillard, Ronald.A.},
	Eprint = {astro-ph/0306213},
	Primaryclass = {astro-ph},
	Slaccitation = {%%CITATION = ASTRO-PH/0306213;%%},
	Title = {{Black hole binaries}},
	Year = {2003}}

@article{Abbott:2017vtc,
	Archiveprefix = {arXiv},
	Author = {Abbott, Benjamin P. and others},
	Collaboration = {VIRGO, LIGO Scientific},
	Doi = {10.1103/PhysRevLett.118.221101},
	Eprint = {1706.01812},
	Journal = {Phys. Rev. Lett.},
	Number = {22},
	Pages = {221101},
	Primaryclass = {gr-qc},
	Reportnumber = {LIGO-P170104},
	Slaccitation = {%%CITATION = ARXIV:1706.01812;%%},
	Title = {{GW170104: Observation of a 50-Solar-Mass Binary Black Hole Coalescence at Redshift 0.2}},
	Volume = {118},
	Year = {2017},
	Bdsk-Url-1 = {https://doi.org/10.1103/PhysRevLett.118.221101}}

@article{Abbott:2017oio,
	Archiveprefix = {arXiv},
	Author = {Abbott, B. P. and others},
	Collaboration = {Virgo, LIGO Scientific},
	Doi = {10.1103/PhysRevLett.119.141101},
	Eprint = {1709.09660},
	Journal = {Phys. Rev. Lett.},
	Number = {14},
	Pages = {141101},
	Primaryclass = {gr-qc},
	Slaccitation = {%%CITATION = ARXIV:1709.09660;%%},
	Title = {{GW170814: A Three-Detector Observation of Gravitational Waves from a Binary Black Hole Coalescence}},
	Volume = {119},
	Year = {2017},
	Bdsk-Url-1 = {https://doi.org/10.1103/PhysRevLett.119.141101}}

@article{TheLIGOScientific:2017qsa,
	Archiveprefix = {arXiv},
	Author = {Abbott, B. P. and others},
	Collaboration = {Virgo, LIGO Scientific},
	Doi = {10.1103/PhysRevLett.119.161101},
	Eprint = {1710.05832},
	Journal = {Phys. Rev. Lett.},
	Number = {16},
	Pages = {161101},
	Primaryclass = {gr-qc},
	Reportnumber = {LIGO-P170817},
	Slaccitation = {%%CITATION = ARXIV:1710.05832;%%},
	Title = {{GW170817: Observation of Gravitational Waves from a Binary Neutron Star Inspiral}},
	Volume = {119},
	Year = {2017},
	Bdsk-Url-1 = {https://doi.org/10.1103/PhysRevLett.119.161101}}

@article{Abbott:2017xzg,
	Archiveprefix = {arXiv},
	Author = {Abbott, Benjamin P. and others},
	Collaboration = {Virgo, LIGO Scientific},
	Doi = {10.1103/PhysRevLett.120.091101},
	Eprint = {1710.05837},
	Journal = {Phys. Rev. Lett.},
	Number = {9},
	Pages = {091101},
	Primaryclass = {gr-qc},
	Reportnumber = {LIGO-P1700272},
	Slaccitation = {%%CITATION = ARXIV:1710.05837;%%},
	Title = {{GW170817: Implications for the Stochastic Gravitational-Wave Background from Compact Binary Coalescences}},
	Volume = {120},
	Year = {2018},
	Bdsk-Url-1 = {https://doi.org/10.1103/PhysRevLett.120.091101}}

@article{SGWBlivingreview,
	Abstract = {We review detection methods that are currently in use or have been proposed to search for a stochastic background of gravitational radiation. We consider both Bayesian and frequentist searches using ground-based and space-based laser interferometers, spacecraft Doppler tracking, and pulsar timing arrays; and we allow for anisotropy, non-Gaussianity, and non-standard polarization states. Our focus is on relevant data analysis issues, and not on the particular astrophysical or early Universe sources that might give rise to such backgrounds. We provide a unified treatment of these searches at the level of detector response functions, detection sensitivity curves, and, more generally, at the level of the likelihood function, since the choice of signal and noise models and prior probability distributions are actually what define the search. Pedagogical examples are given whenever possible to compare and contrast different approaches. We have tried to make the article as self-contained and comprehensive as possible, targeting graduate students and new researchers looking to enter this field.},
	Author = {Romano, Joseph D. and Cornish, Neil. J.},
	Day = {04},
	Doi = {10.1007/s41114-017-0004-1},
	Issn = {1433-8351},
	Journal = {Living Reviews in Relativity},
	Month = {Apr},
	Number = {1},
	Pages = {2},
	Title = {Detection methods for stochastic gravitational-wave backgrounds: a unified treatment},
	Url = {https://doi.org/10.1007/s41114-017-0004-1},
	Volume = {20},
	Year = {2017},
	Bdsk-Url-1 = {https://doi.org/10.1007/s41114-017-0004-1}}

@article{Gair:2012nm,
	Archiveprefix = {arXiv},
	Author = {Gair, Jonathan R. and Vallisneri, Michele and Larson, Shane L. and Baker, John G.},
	Doi = {10.12942/lrr-2013-7},
	Eprint = {1212.5575},
	Journal = {Living Rev. Rel.},
	Pages = {7},
	Primaryclass = {gr-qc},
	Slaccitation = {%%CITATION = ARXIV:1212.5575;%%},
	Title = {{Testing General Relativity with Low-Frequency, Space-Based Gravitational-Wave Detectors}},
	Volume = {16},
	Year = {2013},
	Bdsk-Url-1 = {https://doi.org/10.12942/lrr-2013-7}}

@article{Barack:2006pq,
	Archiveprefix = {arXiv},
	Author = {Barack, Leor and Cutler, Curt},
	Doi = {10.1103/PhysRevD.75.042003},
	Eprint = {gr-qc/0612029},
	Journal = {Phys. Rev.},
	Pages = {042003},
	Primaryclass = {gr-qc},
	Slaccitation = {%%CITATION = GR-QC/0612029;%%},
	Title = {{Using LISA EMRI sources to test off-Kerr deviations in the geometry of massive black holes}},
	Volume = {D75},
	Year = {2007},
	Bdsk-Url-1 = {https://doi.org/10.1103/PhysRevD.75.042003}}

@article{AmaroSeoane:2010bq,
	Archiveprefix = {arXiv},
	Author = {Amaro-Seoane, Pau and Preto, Miguel},
	Booktitle = {{Laser interferometer space antenna. Proceedings, 8th International LISA Symposium, Stanford, USA, June 28-July 2, 2010}},
	Doi = {10.1088/0264-9381/28/9/094017},
	Eprint = {1010.5781},
	Journal = {Class. Quant. Grav.},
	Pages = {094017},
	Primaryclass = {astro-ph.CO},
	Slaccitation = {%%CITATION = ARXIV:1010.5781;%%},
	Title = {{The impact of realistic models of mass segregation on the event rate of extreme-mass ratio inspirals and cusp re-growth}},
	Volume = {28},
	Year = {2011},
	Bdsk-Url-1 = {https://doi.org/10.1088/0264-9381/28/9/094017}}

@article{PhysRevD.13.198,
	Author = {Page, Don N.},
	Doi = {10.1103/PhysRevD.13.198},
	Issue = {2},
	Journal = {Phys. Rev. D},
	Month = {Jan},
	Numpages = {0},
	Pages = {198--206},
	Publisher = {American Physical Society},
	Title = {Particle emission rates from a black hole: Massless particles from an uncharged, nonrotating hole},
	Url = {https://link.aps.org/doi/10.1103/PhysRevD.13.198},
	Volume = {13},
	Year = {1976},
	Bdsk-Url-1 = {https://link.aps.org/doi/10.1103/PhysRevD.13.198},
	Bdsk-Url-2 = {https://doi.org/10.1103/PhysRevD.13.198}}

@article{Ambrosi:2017wek,
	Archiveprefix = {arXiv},
	Author = {Ambrosi, G. and others},
	Collaboration = {DAMPE},
	Doi = {10.1038/nature24475},
	Eprint = {1711.10981},
	Journal = {Nature},
	Pages = {63-66},
	Primaryclass = {astro-ph.HE},
	Slaccitation = {%%CITATION = ARXIV:1711.10981;%%},
	Title = {{Direct detection of a break in the teraelectronvolt cosmic-ray spectrum of electrons and positrons}},
	Volume = {552},
	Year = {2017},
	Bdsk-Url-1 = {https://doi.org/10.1038/nature24475}}

@article{Espinosa:2017sgp,
	Archiveprefix = {arXiv},
	Author = {Espinosa, J. R. and Racco, D. and Riotto, A.},
	Doi = {10.1103/PhysRevLett.120.121301},
	Eprint = {1710.11196},
	Journal = {Phys. Rev. Lett.},
	Number = {12},
	Pages = {121301},
	Primaryclass = {hep-ph},
	Slaccitation = {%%CITATION = ARXIV:1710.11196;%%},
	Title = {{Cosmological Signature of the Standard Model Higgs Vacuum Instability: Primordial Black Holes as Dark Matter}},
	Volume = {120},
	Year = {2018},
	Bdsk-Url-1 = {https://doi.org/10.1103/PhysRevLett.120.121301}}

@article{Croton:2009zx,
	Archiveprefix = {arXiv},
	Author = {Croton, Darren J.},
	Doi = {10.1111/j.1365-2966.2009.14429.x},
	Eprint = {0901.4104},
	Journal = {Mon. Not. Roy. Astron. Soc.},
	Pages = {1109-1119},
	Primaryclass = {astro-ph.CO},
	Slaccitation = {%%CITATION = ARXIV:0901.4104;%%},
	Title = {{A simple model to link the properties of quasars to the properties of dark matter halos out to high redshift}},
	Volume = {394},
	Year = {2009},
	Bdsk-Url-1 = {https://doi.org/10.1111/j.1365-2966.2009.14429.x}}

@article{Reed:2006rw,
	Archiveprefix = {arXiv},
	Author = {Reed, Darren and Bower, Richard and Frenk, Carlos and Jenkins, Adrian and Theuns, Tom},
	Doi = {10.1111/j.1365-2966.2006.11204.x},
	Eprint = {astro-ph/0607150},
	Journal = {Mon. Not. Roy. Astron. Soc.},
	Pages = {2-15},
	Primaryclass = {astro-ph},
	Slaccitation = {%%CITATION = ASTRO-PH/0607150;%%},
	Title = {{The halo mass function from the dark ages through the present day}},
	Volume = {374},
	Year = {2007},
	Bdsk-Url-1 = {https://doi.org/10.1111/j.1365-2966.2006.11204.x}}

@article{Ma:2014qsa,
	Archiveprefix = {arXiv},
	Author = {Ma, Chung-Pei and Greene, Jenny E. and McConnell, Nicholas and Janish, Ryan and Blakeslee, John P. and Thomas, Jens and Murphy, Jeremy D.},
	Doi = {10.1088/0004-637X/795/2/158},
	Eprint = {1407.1054},
	Journal = {Astrophys. J.},
	Number = {2},
	Pages = {158},
	Primaryclass = {astro-ph.GA},
	Slaccitation = {%%CITATION = ARXIV:1407.1054;%%},
	Title = {{The MASSIVE Survey - I. A Volume-Limited Integral-Field Spectroscopic Study of the Most Massive Early-Type Galaxies within 108 Mpc}},
	Volume = {795},
	Year = {2014},
	Bdsk-Url-1 = {https://doi.org/10.1088/0004-637X/795/2/158}}

@article{Ullio:2001fb,
	Archiveprefix = {arXiv},
	Author = {Ullio, Piero and Zhao, HongSheng and Kamionkowski, Marc},
	Doi = {10.1103/PhysRevD.64.043504},
	Eprint = {astro-ph/0101481},
	Journal = {Phys. Rev.},
	Pages = {043504},
	Primaryclass = {astro-ph},
	Slaccitation = {%%CITATION = ASTRO-PH/0101481;%%},
	Title = {{A Dark matter spike at the galactic center?}},
	Volume = {D64},
	Year = {2001},
	Bdsk-Url-1 = {https://doi.org/10.1103/PhysRevD.64.043504}}

@article{Babak:2017tow,
	Archiveprefix = {arXiv},
	Author = {Babak, Stanislav and Gair, Jonathan and Sesana, Alberto and Barausse, Enrico and Sopuerta, Carlos F. and Berry, Christopher P. L. and Berti, Emanuele and Amaro-Seoane, Pau and Petiteau, Antoine and Klein, Antoine},
	Doi = {10.1103/PhysRevD.95.103012},
	Eprint = {1703.09722},
	Journal = {Phys. Rev.},
	Number = {10},
	Pages = {103012},
	Primaryclass = {gr-qc},
	Slaccitation = {%%CITATION = ARXIV:1703.09722;%%},
	Title = {{Science with the space-based interferometer LISA. V: Extreme mass-ratio inspirals}},
	Volume = {D95},
	Year = {2017},
	Bdsk-Url-1 = {https://doi.org/10.1103/PhysRevD.95.103012}}

@article{Mingarelli:2017fbe,
	Archiveprefix = {arXiv},
	Author = {Mingarelli, Chiara M. F. and Lazio, T. Joseph W. and Sesana, Alberto and Greene, Jenny E. and Ellis, Justin A. and Ma, Chung-Pei and Croft, Steve and Burke-Spolaor, Sarah and Taylor, Stephen R.},
	Eprint = {1708.03491},
	Primaryclass = {astro-ph.GA},
	Slaccitation = {%%CITATION = ARXIV:1708.03491;%%},
	Title = {{The Local Nanohertz Gravitational-Wave Landscape From Supermassive Black Hole Binaries}},
	Year = {2017}}

@article{1538-3881-131-2-1163,
	Abstract = {Between 1997 June and 2001 February the Two Micron All Sky Survey (2MASS) collected 25.4 Tbytes of raw imaging data covering 99.998% of the celestial sphere in the near-infrared J (1.25 μm), H (1.65 μm), and K s (2.16 μm) bandpasses. Observations were conducted from two dedicated 1.3 m diameter telescopes located at Mount Hopkins, Arizona, and Cerro Tololo, Chile. The 7.8 s of integration time accumulated for each point on the sky and strict quality control yielded a 10 σ point-source detection level of better than 15.8, 15.1, and 14.3 mag at the J , H , and K s bands, respectively, for virtually the entire sky. Bright source extractions have 1 σ photometric uncertainty of <0.03 mag and astrometric accuracy of order 100 mas. Calibration offsets between any two points in the sky are <0.02 mag. The 2MASS All-Sky Data Release includes 4.1 million compressed FITS images covering the entire sky, 471 million source extractions in a Point Source Catalog, and 1.6 million objects identified as extended in an Extended Source Catalog.},
	Author = {M. F. Skrutskie and R. M. Cutri and R. Stiening and M. D. Weinberg and S. Schneider and J. M. Carpenter and C. Beichman and R. Capps and T. Chester and J. Elias and J. Huchra and J. Liebert and C. Lonsdale and D. G. Monet and S. Price and P. Seitzer and T. Jarrett and J. D. Kirkpatrick and J. E. Gizis and E. Howard and T. Evans and J. Fowler and L. Fullmer and R. Hurt and R. Light and E. L. Kopan and K. A. Marsh and H. L. McCallon and R. Tam and S. Van Dyk and S. Wheelock},
	Journal = {The Astronomical Journal},
	Number = {2},
	Pages = {1163},
	Title = {The Two Micron All Sky Survey (2MASS)},
	Url = {http://stacks.iop.org/1538-3881/131/i=2/a=1163},
	Volume = {131},
	Year = {2006},
	Bdsk-Url-1 = {http://stacks.iop.org/1538-3881/131/i=2/a=1163}}

@article{Huchra:2011ii,
	Archiveprefix = {arXiv},
	Author = {Huchra, John P. and others},
	Doi = {10.1088/0067-0049/199/2/26},
	Eprint = {1108.0669},
	Journal = {Astrophys. J. Suppl.},
	Pages = {26},
	Primaryclass = {astro-ph.CO},
	Slaccitation = {%%CITATION = ARXIV:1108.0669;%%},
	Title = {{The 2MASS Redshift Survey - Description and Data Release}},
	Volume = {199},
	Year = {2012},
	Bdsk-Url-1 = {https://doi.org/10.1088/0067-0049/199/2/26}}

@article{Nishikawa:2017chy,
	Archiveprefix = {arXiv},
	Author = {Nishikawa, Hiroya and Kovetz, Ely D. and Kamionkowski, Marc and Silk, Joseph},
	Eprint = {1708.08449},
	Primaryclass = {astro-ph.CO},
	Slaccitation = {%%CITATION = ARXIV:1708.08449;%%},
	Title = {{Primordial-black-hole mergers in dark-matter spikes}},
	Year = {2017}}

@article{Dutton:2014xda,
	Archiveprefix = {arXiv},
	Author = {Dutton, Aaron A. and Macci{\`o}, Andrea V.},
	Doi = {10.1093/mnras/stu742},
	Eprint = {1402.7073},
	Journal = {Mon. Not. Roy. Astron. Soc.},
	Number = {4},
	Pages = {3359-3374},
	Primaryclass = {astro-ph.CO},
	Slaccitation = {%%CITATION = ARXIV:1402.7073;%%},
	Title = {{Cold dark matter haloes in the Planck era: evolution of structural parameters for Einasto and NFW profiles}},
	Volume = {441},
	Year = {2014},
	Bdsk-Url-1 = {https://doi.org/10.1093/mnras/stu742}}

@article{Ferrarese:2002ct,
	Archiveprefix = {arXiv},
	Author = {Ferrarese, Laura},
	Doi = {10.1086/342308},
	Eprint = {astro-ph/0203469},
	Journal = {Astrophys. J.},
	Pages = {90-97},
	Primaryclass = {astro-ph},
	Slaccitation = {%%CITATION = ASTRO-PH/0203469;%%},
	Title = {{Beyond the bulge: a fundamental relation between supermassive black holes and dark matter halos}},
	Volume = {578},
	Year = {2002},
	Bdsk-Url-1 = {https://doi.org/10.1086/342308}}

@article{Kuhnel:2017bvu,
	Archiveprefix = {arXiv},
	Author = {K{\"u}hnel, Florian and Starkman, Glenn D. and Freese, Katherine},
	Eprint = {1705.10361},
	Primaryclass = {gr-qc},
	Slaccitation = {%%CITATION = ARXIV:1705.10361;%%},
	Title = {{Primordial Black-Hole and Macroscopic Dark-Matter Constraints with LISA}},
	Year = {2017}}

@article{Guo:2017njn,
	Archiveprefix = {arXiv},
	Author = {Guo, Huai-Ke and Shu, Jing and Zhao, Yue},
	Eprint = {1709.03500},
	Primaryclass = {astro-ph.CO},
	Slaccitation = {%%CITATION = ARXIV:1709.03500;%%},
	Title = {{Using LISA-like Gravitational Wave Detectors to Search for Primordial Black Holes}},
	Year = {2017}}

@article{PhysRevD.95.103012,
	Author = {Babak, Stanislav and Gair, Jonathan and Sesana, Alberto and Barausse, Enrico and Sopuerta, Carlos F. and Berry, Christopher P. L. and Berti, Emanuele and Amaro-Seoane, Pau and Petiteau, Antoine and Klein, Antoine},
	Doi = {10.1103/PhysRevD.95.103012},
	Issue = {10},
	Journal = {Phys. Rev. D},
	Month = {May},
	Numpages = {21},
	Pages = {103012},
	Publisher = {American Physical Society},
	Title = {Science with the space-based interferometer LISA. V. Extreme mass-ratio inspirals},
	Url = {https://link.aps.org/doi/10.1103/PhysRevD.95.103012},
	Volume = {95},
	Year = {2017},
	Bdsk-Url-1 = {https://link.aps.org/doi/10.1103/PhysRevD.95.103012},
	Bdsk-Url-2 = {https://doi.org/10.1103/PhysRevD.95.103012}}

@article{Wang:2016ana,
	Archiveprefix = {arXiv},
	Author = {Wang, Sai and Wang, Yi-Fan and Huang, Qing-Guo and Li, Tjonnie G. F.},
	Doi = {10.1103/PhysRevLett.120.191102},
	Eprint = {1610.08725},
	Journal = {Phys. Rev. Lett.},
	Number = {19},
	Pages = {191102},
	Primaryclass = {astro-ph.CO},
	Slaccitation = {%%CITATION = ARXIV:1610.08725;%%},
	Title = {{Constraints on the Primordial Black Hole Abundance from the First Advanced LIGO Observation Run Using the Stochastic Gravitational-Wave Background}},
	Volume = {120},
	Year = {2018},
	Bdsk-Url-1 = {https://doi.org/10.1103/PhysRevLett.120.191102}}

@article{PhysRevD.96.083014,
	Author = {Ferrer, Francesc and Medeiros da Rosa, Augusto and Will, Clifford M.},
	Doi = {10.1103/PhysRevD.96.083014},
	Issue = {8},
	Journal = {Phys. Rev. D},
	Month = {Oct},
	Numpages = {17},
	Pages = {083014},
	Publisher = {American Physical Society},
	Title = {Dark matter spikes in the vicinity of Kerr black holes},
	Url = {https://link.aps.org/doi/10.1103/PhysRevD.96.083014},
	Volume = {96},
	Year = {2017},
	Bdsk-Url-1 = {https://link.aps.org/doi/10.1103/PhysRevD.96.083014},
	Bdsk-Url-2 = {https://doi.org/10.1103/PhysRevD.96.083014}}

@article{PhysRevD.88.063522,
	Author = {Sadeghian, Laleh and Ferrer, Francesc and Will, Clifford M.},
	Doi = {10.1103/PhysRevD.88.063522},
	Issue = {6},
	Journal = {Phys. Rev. D},
	Month = {Sep},
	Numpages = {14},
	Pages = {063522},
	Publisher = {American Physical Society},
	Title = {Dark-matter distributions around massive black holes: A general relativistic analysis},
	Url = {https://link.aps.org/doi/10.1103/PhysRevD.88.063522},
	Volume = {88},
	Year = {2013},
	Bdsk-Url-1 = {https://link.aps.org/doi/10.1103/PhysRevD.88.063522},
	Bdsk-Url-2 = {https://doi.org/10.1103/PhysRevD.88.063522}}

@article{PhysRevLett.83.1719,
	Author = {Gondolo, Paolo and Silk, Joseph},
	Doi = {10.1103/PhysRevLett.83.1719},
	Issue = {9},
	Journal = {Phys. Rev. Lett.},
	Month = {Aug},
	Numpages = {0},
	Pages = {1719--1722},
	Publisher = {American Physical Society},
	Title = {Dark Matter Annihilation at the Galactic Center},
	Url = {https://link.aps.org/doi/10.1103/PhysRevLett.83.1719},
	Volume = {83},
	Year = {1999},
	Bdsk-Url-1 = {https://link.aps.org/doi/10.1103/PhysRevLett.83.1719},
	Bdsk-Url-2 = {https://doi.org/10.1103/PhysRevLett.83.1719}}

@article{Belczynski:2016obo,
	Archiveprefix = {arXiv},
	Author = {Belczynski, Krzysztof and Holz, Daniel E. and Bulik, Tomasz and O'Shaughnessy, Richard},
	Doi = {10.1038/nature18322},
	Eprint = {1602.04531},
	Journal = {Nature},
	Pages = {512},
	Primaryclass = {astro-ph.HE},
	Slaccitation = {%%CITATION = ARXIV:1602.04531;%%},
	Title = {{The first gravitational-wave source from the isolated evolution of two 40-100 Msun stars}},
	Volume = {534},
	Year = {2016},
	Bdsk-Url-1 = {http://dx.doi.org/10.1038/nature18322}}

@article{Bird:2016dcv,
	Author = {Bird, Simeon and Cholis, Ilias and Mu\~noz, Julian B. and Ali-Ha\"{\i}moud, Yacine and Kamionkowski, Marc and Kovetz, Ely D. and Raccanelli, Alvise and Riess, Adam G.},
	Doi = {10.1103/PhysRevLett.116.201301},
	Issue = {20},
	Journal = {Phys. Rev. Lett.},
	Month = {May},
	Numpages = {6},
	Pages = {201301},
	Publisher = {American Physical Society},
	Title = {Did LIGO Detect Dark Matter?},
	Url = {https://link.aps.org/doi/10.1103/PhysRevLett.116.201301},
	Volume = {116},
	Year = {2016},
	Bdsk-Url-1 = {https://link.aps.org/doi/10.1103/PhysRevLett.116.201301},
	Bdsk-Url-2 = {http://dx.doi.org/10.1103/PhysRevLett.116.201301}}

@article{Chen:2016pud,
	Archiveprefix = {arXiv},
	Author = {Chen, Lu and Huang, Qing-Guo and Wang, Ke},
	Eprint = {1608.02174},
	Primaryclass = {astro-ph.CO},
	Slaccitation = {%%CITATION = ARXIV:1608.02174;%%},
	Title = {{Constraint on the abundance of primordial black holes in dark matter from Planck data}},
	Year = {2016}}

@article{Carr:2016drx,
	Archiveprefix = {arXiv},
	Author = {Carr, Bernard and Kuhnel, Florian and Sandstad, Marit},
	Doi = {10.1103/PhysRevD.94.083504},
	Eprint = {1607.06077},
	Journal = {Phys. Rev.},
	Number = {8},
	Pages = {083504},
	Primaryclass = {astro-ph.CO},
	Reportnumber = {NORDITA-2016-83},
	Slaccitation = {%%CITATION = ARXIV:1607.06077;%%},
	Title = {{Primordial Black Holes as Dark Matter}},
	Volume = {D94},
	Year = {2016},
	Bdsk-Url-1 = {http://dx.doi.org/10.1103/PhysRevD.94.083504}}

@article{Cholis:2016xvo,
	Archiveprefix = {arXiv},
	Author = {Cholis, Ilias},
	Eprint = {1609.03565},
	Primaryclass = {astro-ph.HE},
	Slaccitation = {%%CITATION = ARXIV:1609.03565;%%},
	Title = {{On the Gravitational Wave Background from Black Hole Binaries after the First LIGO Detections}},
	Year = {2016}}

@article{Axelrod:2016nkp,
	Archiveprefix = {arXiv},
	Author = {Chapline, G. and Frampton, P. H.},
	Doi = {10.1088/1475-7516/2016/11/042},
	Eprint = {1608.04297},
	Journal = {JCAP},
	Number = {11},
	Pages = {042},
	Primaryclass = {gr-qc},
	Slaccitation = {%%CITATION = ARXIV:1608.04297;%%},
	Title = {{A new direction for dark matter research: intermediate mass compact halo objects}},
	Volume = {1611},
	Year = {2016},
	Bdsk-Url-1 = {http://dx.doi.org/10.1088/1475-7516/2016/11/042}}

@article{Cholis:2016kqi,
	Author = {Cholis, Ilias and Kovetz, Ely D. and Ali-Ha\"{\i}moud, Yacine and Bird, Simeon and Kamionkowski, Marc and Mu\~noz, Julian B. and Raccanelli, Alvise},
	Doi = {10.1103/PhysRevD.94.084013},
	Issue = {8},
	Journal = {Phys. Rev. D},
	Month = {Oct},
	Numpages = {13},
	Pages = {084013},
	Publisher = {American Physical Society},
	Title = {Orbital eccentricities in primordial black hole binaries},
	Url = {https://link.aps.org/doi/10.1103/PhysRevD.94.084013},
	Volume = {94},
	Year = {2016},
	Bdsk-Url-1 = {https://link.aps.org/doi/10.1103/PhysRevD.94.084013},
	Bdsk-Url-2 = {http://dx.doi.org/10.1103/PhysRevD.94.084013}}

@article{Carr:1974nx,
	Author = {Carr, Bernard J. and Hawking, S. W.},
	Journal = {Mon. Not. Roy. Astron. Soc.},
	Pages = {399-415},
	Slaccitation = {%%CITATION = MNRAA,168,399;%%},
	Title = {{Black holes in the early Universe}},
	Volume = {168},
	Year = {1974}}

@article{GarciaBellido:1996qt,
	Archiveprefix = {arXiv},
	Author = {Garcia-Bellido, Juan and Linde, Andrei D. and Wands, David},
	Doi = {10.1103/PhysRevD.54.6040},
	Eprint = {astro-ph/9605094},
	Journal = {Phys. Rev.},
	Pages = {6040-6058},
	Primaryclass = {astro-ph},
	Reportnumber = {SU-ITP-96-20, SUSSEX-AST-96-5-1},
	Slaccitation = {%%CITATION = ASTRO-PH/9605094;%%},
	Title = {{Density perturbations and black hole formation in hybrid inflation}},
	Volume = {D54},
	Year = {1996},
	Bdsk-Url-1 = {http://dx.doi.org/10.1103/PhysRevD.54.6040}}

@article{Clesse:2015wea,
	Author = {Clesse, S\'ebastien and Garc\'{\i}a-Bellido, Juan},
	Doi = {10.1103/PhysRevD.92.023524},
	Issue = {2},
	Journal = {Phys. Rev. D},
	Month = {Jul},
	Numpages = {17},
	Pages = {023524},
	Publisher = {American Physical Society},
	Title = {Massive primordial black holes from hybrid inflation as dark matter and the seeds of galaxies},
	Url = {https://link.aps.org/doi/10.1103/PhysRevD.92.023524},
	Volume = {92},
	Year = {2015},
	Bdsk-Url-1 = {https://link.aps.org/doi/10.1103/PhysRevD.92.023524},
	Bdsk-Url-2 = {http://dx.doi.org/10.1103/PhysRevD.92.023524}}

@article{Zhu:2011bd,
	Archiveprefix = {arXiv},
	Author = {Zhu, Xing-Jiang and Howell, E. and Regimbau, T. and Blair, D. and Zhu, Zong-Hong},
	Doi = {10.1088/0004-637X/739/2/86},
	Eprint = {1104.3565},
	Journal = {Astrophys. J.},
	Pages = {86},
	Primaryclass = {gr-qc},
	Reportnumber = {LIGO-P1000181-V3},
	Slaccitation = {%%CITATION = ARXIV:1104.3565;%%},
	Title = {{Stochastic Gravitational Wave Background from Coalescing Binary Black Holes}},
	Volume = {739},
	Year = {2011},
	Bdsk-Url-1 = {http://dx.doi.org/10.1088/0004-637X/739/2/86}}

@article{Wu:2011ac,
	Archiveprefix = {arXiv},
	Author = {Wu, C. and Mandic, V. and Regimbau, T.},
	Doi = {10.1103/PhysRevD.85.104024},
	Eprint = {1112.1898},
	Journal = {Phys. Rev.},
	Pages = {104024},
	Primaryclass = {gr-qc},
	Slaccitation = {%%CITATION = ARXIV:1112.1898;%%},
	Title = {{Accessibility of the Gravitational-Wave Background due to Binary Coalescences to Second and Third Generation Gravitational-Wave Detectors}},
	Volume = {D85},
	Year = {2012},
	Bdsk-Url-1 = {http://dx.doi.org/10.1103/PhysRevD.85.104024}}

@article{Zhu:2012xw,
	Archiveprefix = {arXiv},
	Author = {Zhu, Xing-Jiang and Howell, Eric J. and Blair, David G. and Zhu, Zong-Hong},
	Doi = {10.1093/mnras/stt207},
	Eprint = {1209.0595},
	Pages = {431: 882-899},
	Primaryclass = {gr-qc},
	Reportnumber = {LIGO-P1200105-V2},
	Slaccitation = {%%CITATION = ARXIV:1209.0595;%%},
	Title = {{On the gravitational wave background from compact binary coalescence in the band of ground-based interferometers}},
	Volume = {MNRAS},
	Year = {2013},
	Bdsk-Url-1 = {http://dx.doi.org/10.1093/mnras/stt207}}

@article{SGWB-sfr-relation-1,
	Author = {Regimbau, T. and Hughes, Scott A.},
	Doi = {10.1103/PhysRevD.79.062002},
	Issue = {6},
	Journal = {Phys. Rev. D},
	Month = {Mar},
	Numpages = {8},
	Pages = {062002},
	Publisher = {American Physical Society},
	Title = {Gravitational-wave confusion background from cosmological compact binaries: Implications for future terrestrial detectors},
	Url = {https://link.aps.org/doi/10.1103/PhysRevD.79.062002},
	Volume = {79},
	Year = {2009},
	Bdsk-Url-1 = {https://link.aps.org/doi/10.1103/PhysRevD.79.062002},
	Bdsk-Url-2 = {https://doi.org/10.1103/PhysRevD.79.062002}}

@article{Wu:2013xfa,
	Author = {Wu, Cheng-Jian and Mandic, Vuk and Regimbau, Tania},
	Doi = {10.1103/PhysRevD.87.042002},
	Journal = {Phys. Rev.},
	Number = {4},
	Pages = {042002},
	Slaccitation = {%%CITATION = PHRVA,D87,042002;%%},
	Title = {{Accessibility of the stochastic gravitational wave background from magnetars to the interferometric gravitational wave detectors}},
	Volume = {D87},
	Year = {2013},
	Bdsk-Url-1 = {http://dx.doi.org/10.1103/PhysRevD.87.042002}}

@article{Akerib:2015rjg,
	Archiveprefix = {arXiv},
	Author = {Akerib, D. S. and others},
	Collaboration = {LUX},
	Doi = {10.1103/PhysRevLett.116.161301},
	Eprint = {1512.03506},
	Journal = {Phys. Rev. Lett.},
	Number = {16},
	Pages = {161301},
	Primaryclass = {astro-ph.CO},
	Slaccitation = {%%CITATION = ARXIV:1512.03506;%%},
	Title = {{Improved Limits on Scattering of Weakly Interacting Massive Particles from Reanalysis of 2013 LUX Data}},
	Volume = {116},
	Year = {2016},
	Bdsk-Url-1 = {http://dx.doi.org/10.1103/PhysRevLett.116.161301}}

@article{ATLAS:2016hao,
	Author = {{ATLAS Collaboration} and {CMS Collaboration}},
	Collaboration = {ATLAS, CMS},
	Reportnumber = {ATLAS-CONF-2016-036, CMS-PAS-SMP-15-001},
	Slaccitation = {%%CITATION = ATLAS-CONF-2016-036;%%},
	Title = {{Combination of results from the ATLAS and CMS experiments on anomalous triple gauge couplings in ZZ production from pp collisions at a centre-of-mass energy of 7 TeV at the LHC}},
	Year = {2016}}

@article{Vangioni:2014axa,
	Archiveprefix = {arXiv},
	Author = {Vangioni, E. and Olive, K. A. and Prestegard, T. and Silk, J. and Petitjean, P. and Mandic, V.},
	Doi = {10.1093/mnras/stu2600},
	Eprint = {1409.2462},
	Journal = {Mon. Not. Roy. Astron. Soc.},
	Pages = {2575},
	Primaryclass = {astro-ph.GA},
	Reportnumber = {UMN-TH-3350-14, FTPI-MINN-14-25},
	Slaccitation = {%%CITATION = ARXIV:1409.2462;%%},
	Title = {{The Impact of Star Formation and Gamma-Ray Burst Rates at High Redshift on Cosmic Chemical Evolution and Reionization}},
	Volume = {447},
	Year = {2015},
	Bdsk-Url-1 = {http://dx.doi.org/10.1093/mnras/stu2600}}

@article{Ajith:2009bn,
	Author = {Ajith, P. and Hannam, M. and Husa, S. and Chen, Y. and Br\"ugmann, B. and Dorband, N. and M\"uller, D. and Ohme, F. and Pollney, D. and Reisswig, C. and Santamar\'{\i}a, L. and Seiler, J.},
	Doi = {10.1103/PhysRevLett.106.241101},
	Issue = {24},
	Journal = {Phys. Rev. Lett.},
	Month = {Jun},
	Numpages = {4},
	Pages = {241101},
	Publisher = {American Physical Society},
	Title = {Inspiral-Merger-Ringdown Waveforms for Black-Hole Binaries with Nonprecessing Spins},
	Url = {https://link.aps.org/doi/10.1103/PhysRevLett.106.241101},
	Volume = {106},
	Year = {2011},
	Bdsk-Url-1 = {https://link.aps.org/doi/10.1103/PhysRevLett.106.241101},
	Bdsk-Url-2 = {http://dx.doi.org/10.1103/PhysRevLett.106.241101}}

@article{Thrane:2013oya,
	Archiveprefix = {arXiv},
	Author = {Thrane, Eric and Romano, Joseph D.},
	Doi = {10.1103/PhysRevD.88.124032},
	Eprint = {1310.5300},
	Journal = {Phys. Rev.},
	Number = {12},
	Pages = {124032},
	Primaryclass = {astro-ph.IM},
	Slaccitation = {%%CITATION = ARXIV:1310.5300;%%},
	Title = {{Sensitivity curves for searches for gravitational-wave backgrounds}},
	Volume = {D88},
	Year = {2013},
	Bdsk-Url-1 = {http://dx.doi.org/10.1103/PhysRevD.88.124032}}

@article{Huerta:2016rwp,
	Archiveprefix = {arXiv},
	Author = {Huerta, E. A. and others},
	Eprint = {1609.05933},
	Primaryclass = {gr-qc},
	Slaccitation = {%%CITATION = ARXIV:1609.05933;%%},
	Title = {{A complete waveform model for compact binaries on eccentric orbits}},
	Year = {2016}}

@article{Carr:1975qj,
	Author = {Carr, Bernard J.},
	Doi = {10.1086/153853},
	Journal = {Astrophys. J.},
	Pages = {1-19},
	Slaccitation = {%%CITATION = ASJOA,201,1;%%},
	Title = {{The Primordial black hole mass spectrum}},
	Volume = {201},
	Year = {1975},
	Bdsk-Url-1 = {http://dx.doi.org/10.1086/153853}}

@article{Yunes:2009yz,
	Archiveprefix = {arXiv},
	Author = {Yunes, Nicolas and Arun, K. G. and Berti, Emanuele and Will, Clifford M.},
	Doi = {10.1103/PhysRevD.89.109901, 10.1103/PhysRevD.80.084001},
	Eprint = {0906.0313},
	Journal = {Phys. Rev.},
	Note = {[Erratum: Phys. Rev.D89,no.10,109901(2014)]},
	Number = {8},
	Pages = {084001},
	Primaryclass = {gr-qc},
	Slaccitation = {%%CITATION = ARXIV:0906.0313;%%},
	Title = {{Post-Circular Expansion of Eccentric Binary Inspirals: Fourier-Domain Waveforms in the Stationary Phase Approximation}},
	Volume = {D80},
	Year = {2009},
	Bdsk-Url-1 = {http://dx.doi.org/10.1103/PhysRevD.89.109901,%2010.1103/PhysRevD.80.084001}}

@article{Chen:2016zyo,
	Archiveprefix = {arXiv},
	Author = {Chen, Siyuan and Sesana, Alberto and Del Pozzo, Walter},
	Eprint = {1612.00455},
	Primaryclass = {astro-ph.CO},
	Slaccitation = {%%CITATION = ARXIV:1612.00455;%%},
	Title = {{Efficient computation of the gravitational wave spectrum emitted by eccentric massive black hole binaries in stellar environments}},
	Year = {2016}}

@article{Huerta:2014eca,
	Archiveprefix = {arXiv},
	Author = {Huerta, E. A. and Kumar, Prayush and McWilliams, Sean T. and O'Shaughnessy, Richard and Yunes, Nicol{\'a}s},
	Doi = {10.1103/PhysRevD.90.084016},
	Eprint = {1408.3406},
	Journal = {Phys. Rev.},
	Number = {8},
	Pages = {084016},
	Primaryclass = {gr-qc},
	Slaccitation = {%%CITATION = ARXIV:1408.3406;%%},
	Title = {{Accurate and efficient waveforms for compact binaries on eccentric orbits}},
	Volume = {D90},
	Year = {2014},
	Bdsk-Url-1 = {http://dx.doi.org/10.1103/PhysRevD.90.084016}}

@article{udalski2015ogle,
	Author = {Udalski, A and Szyma{\'n}ski, MK and Szyma{\'n}ski, G},
	Journal = {arXiv preprint arXiv:1504.05966},
	Title = {OGLE-IV: fourth phase of the Optical Gravitational Lensing Experiment},
	Year = {2015}}

@article{Ali-Haimoud:2016mbv,
	Author = {Ali-Ha\"{\i}moud, Yacine and Kamionkowski, Marc},
	Doi = {10.1103/PhysRevD.95.043534},
	Issue = {4},
	Journal = {Phys. Rev. D},
	Month = {Feb},
	Numpages = {21},
	Pages = {043534},
	Publisher = {American Physical Society},
	Title = {Cosmic microwave background limits on accreting primordial black holes},
	Url = {https://link.aps.org/doi/10.1103/PhysRevD.95.043534},
	Volume = {95},
	Year = {2017},
	Bdsk-Url-1 = {https://link.aps.org/doi/10.1103/PhysRevD.95.043534},
	Bdsk-Url-2 = {http://dx.doi.org/10.1103/PhysRevD.95.043534}}
